Date,Channel,Customer_Type,Revenue,Customer_Count,Gross_Profit,Marketing_Spend
1/1/2017,Organic Social,NEW,2802.44,22,700.84,201.79
1/1/2017,Organic Social,EXISTING,3471.09,25,1110.4,249.75
1/1/2017,Brand,NEW,81.45,2,29.87,717.99
1/1/2017,Unidentified,NEW,15465.99,80,5291.55,738.66
1/1/2017,Brand,EXISTING,180.46,3,51.48,1595.63
1/1/2017,Unidentified,EXISTING,24834.6,256,9558.39,1798.7
1/1/2017,Others,EXISTING,14187.9,141,4530.53,2868.98
1/1/2017,Others,EXISTING,14187.9,141,4530.53,2868.98
1/1/2017,Others,NEW,17436.84,257,5438.96,4084.93
1/1/2017,Organic Search,NEW,87085.6,605,27992.77,8080.3
1/1/2017,Branded Search,NEW,40964.6,259,13833.97,9380.43
1/1/2017,Direct,NEW,76492.74,495,26861.62,10306.48
1/1/2017,Organic Search,EXISTING,114467.37,771,39251.73,12344.07
1/1/2017,Display,NEW,27114.79,196,8529.6,14876.7
1/1/2017,Referral,NEW,74490.14,382,24049.05,15585.12
1/1/2017,Branded Search,EXISTING,103063.55,752,36485,24846.52
1/1/2017,Direct,EXISTING,177025.75,1143,61020.94,25638.09
1/1/2017,Mail,NEW,137251.49,738,44879.45,27085.22
1/1/2017,Display,EXISTING,70248.65,517,23903.14,39257.64
1/1/2017,Referral,EXISTING,189822.65,1019,61540.67,40469.65
1/1/2017,Paid Search,NEW,131919.22,1060,43099.88,63787.12
1/1/2017,Paid Search,EXISTING,172666.32,1254,58457.2,83644.91
1/1/2017,Mail,EXISTING,532703.72,3069,178678.24,102507.49
1/2/2017,Organic Social,NEW,3695.8,30,1296.76,310.42
1/2/2017,Organic Social,EXISTING,3835.08,27,1316.12,441.75
1/2/2017,Brand,EXISTING,139.4,2,74.09,499.66
1/2/2017,Brand,NEW,496.48,1,52.66,1791.89
1/2/2017,Unidentified,NEW,23487.45,136,7801.07,2177.6
1/2/2017,Others,EXISTING,18274.37,171,5922.81,3560.55
1/2/2017,Unidentified,EXISTING,43867.66,358,16562.7,4350.6
1/2/2017,Others,NEW,22924.27,307,6852.48,5283.04
1/2/2017,Organic Search,NEW,117233.82,818,39549.55,11227.12
1/2/2017,Direct,NEW,117443.83,700,41934.81,13194.62
1/2/2017,Branded Search,NEW,73204.13,378,26436.38,14194.92
1/2/2017,Organic Search,EXISTING,142416.42,972,48959.08,15173.13
1/2/2017,Display,NEW,35555.99,256,11498.27,18674.12
1/2/2017,Referral,NEW,104361.72,534,33846.67,21607.28
1/2/2017,Branded Search,EXISTING,155914.37,959,54933.04,30638.97
1/2/2017,Direct,EXISTING,256057.43,1504,91738.18,32322.29
1/2/2017,Mail,NEW,222043.89,1099,73648.69,41403.24
1/2/2017,Referral,EXISTING,229790.41,1240,74667.34,47546.98
1/2/2017,Display,EXISTING,100017.81,675,34332.63,48925.46
1/2/2017,Paid Search,NEW,192697.63,1470,63221.03,89082.56
1/2/2017,Paid Search,EXISTING,243675.34,1732,82787.03,111588.16
1/2/2017,Mail,EXISTING,761168.06,4231,257113.67,157451.86
1/3/2017,Organic Social,NEW,1952.29,18,865.52,131.48
1/3/2017,Organic Social,EXISTING,2342.03,16,745.15,138.05
1/3/2017,Brand,EXISTING,12.63,1,2.65,709.78
1/3/2017,Unidentified,NEW,23612.36,136,7244,1522.37
1/3/2017,Brand,NEW,28.05,1,9.67,1580.03
1/3/2017,Others,EXISTING,16335.37,152,5187.27,2858.46
1/3/2017,Unidentified,EXISTING,34362.89,306,12352.22,3125.71
1/3/2017,Others,NEW,18236.1,274,5358.41,4136.03
1/3/2017,Organic Search,NEW,70727.77,539,24057.05,6525.51
1/3/2017,Organic Search,EXISTING,86545.88,649,30270.47,8824.73
1/3/2017,Branded Search,NEW,40115.45,248,14269.24,9413.38
1/3/2017,Direct,NEW,71255.88,460,23520.12,9927.9
1/3/2017,Referral,NEW,68491.16,447,21545.14,14514.2
1/3/2017,Display,NEW,19924.49,171,6972.01,15675.29
1/3/2017,Direct,EXISTING,152047.11,1085,53603.12,21053.83
1/3/2017,Mail,NEW,117284.07,647,38639.11,22750.56
1/3/2017,Branded Search,EXISTING,91702.57,677,31721.3,23649.84
1/3/2017,Referral,EXISTING,167678.39,1021,55084.64,35409.88
1/3/2017,Display,EXISTING,59893.72,509,20018.78,46893.21
1/3/2017,Paid Search,NEW,107916.47,920,34659.96,66127.1
1/3/2017,Mail,EXISTING,380435.8,2379,128488.24,72898.03
1/3/2017,Paid Search,EXISTING,132526.56,1100,44503.47,80098.11
1/4/2017,Organic Social,NEW,,,,
1/4/2017,Organic Social,EXISTING,2665.89,19,863.12,198.97
1/4/2017,Unidentified,NEW,17763.51,116,5434.06,1592.4
1/4/2017,Brand,NEW,54.07,1,12.95,2286.6
1/4/2017,Unidentified,EXISTING,29633.28,263,11024.59,2631.01
1/4/2017,Others,EXISTING,16151.98,148,5183.17,2861.3
1/4/2017,Others,NEW,18907.72,249,5715.97,3994.57
1/4/2017,Organic Search,NEW,73496.48,518,23410.05,5667.44
1/4/2017,Branded Search,NEW,36365.82,252,12229.66,7320.7
1/4/2017,Organic Search,EXISTING,77965.94,576,26902.39,7371.51
1/4/2017,Direct,NEW,72427.19,453,24563.73,9814.91
1/4/2017,Referral,NEW,54855.23,332,18169.29,12134.48
1/4/2017,Display,NEW,23373.28,168,7785.43,17403.32
1/4/2017,Branded Search,EXISTING,101741.84,668,36359.03,22947.81
1/4/2017,Direct,EXISTING,158838.02,1064,54456.43,23015.78
1/4/2017,Mail,NEW,117498.24,631,39625.51,23517.36
1/4/2017,Referral,EXISTING,149141.15,891,47818.85,32070.22
1/4/2017,Display,EXISTING,62352.72,530,22084.09,41819.26
1/4/2017,Paid Search,NEW,93931.32,837,29671.52,55736.89
1/4/2017,Paid Search,EXISTING,130096.08,1059,44278.18,76005.74
1/4/2017,Mail,EXISTING,478595.36,3081,162608.23,105773.07
1/5/2017,Organic Social,EXISTING,2384.12,18,937.1,137.47
1/5/2017,Organic Social,NEW,2419.85,18,841.96,138.79
1/5/2017,Brand,NEW,16.99,1,2.47,408.24
1/5/2017,Unidentified,NEW,17515.59,108,4693.52,955.44
1/5/2017,Brand,EXISTING,78.2,2,30.13,1879.37
1/5/2017,Unidentified,EXISTING,33909.79,279,12760.81,2952.61
1/5/2017,Others,EXISTING,16677.91,162,5483.29,3063.58
1/5/2017,Others,NEW,16576.95,253,4878.32,3554.87
1/5/2017,Organic Search,NEW,61044.94,493,20071.92,4971.98
1/5/2017,Organic Search,EXISTING,70961.03,522,23956.99,6211.64
1/5/2017,Direct,NEW,65512.39,426,22079.41,8762.81
1/5/2017,Branded Search,NEW,41178.51,235,13677.97,8930.27
1/5/2017,Referral,NEW,60605.53,350,19540.6,13043.48
1/5/2017,Display,NEW,23693.04,162,8336.86,13831.24
1/5/2017,Branded Search,EXISTING,84252.23,637,29753.79,19853.13
1/5/2017,Mail,NEW,110004.88,604,35244.93,21525.43
1/5/2017,Direct,EXISTING,156053.17,1035,53995.36,23025.17
1/5/2017,Referral,EXISTING,157832.96,925,51809.82,33141.48
1/5/2017,Referral,EXISTING,157832.96,925,51809.82,33141.48
1/5/2017,Display,EXISTING,61660.18,486,21790.34,35976.91
1/5/2017,Paid Search,NEW,96095.48,825,32038.68,50716.73
1/5/2017,Mail,EXISTING,355220.06,2392,120463.43,66621.56
1/5/2017,Paid Search,EXISTING,130780.32,992,43519.37,68214
1/6/2017,Organic Social,NEW,1518.4,15,602.82,128.8
1/6/2017,Organic Social,EXISTING,1905.44,13,719.24,130.19
1/6/2017,Brand,NEW,18.81,1,4.63,584.24
1/6/2017,Unidentified,NEW,16175.08,102,5153.31,1074.7
1/6/2017,Brand,EXISTING,54.6,1,23.94,1703.65
1/6/2017,Unidentified,EXISTING,30249.77,267,11259.25,2603.64
1/6/2017,Others,EXISTING,15681.82,158,5438.29,2829.22
1/6/2017,Others,NEW,16152.5,245,5235.85,3509.47
1/6/2017,Organic Search,NEW,60554.45,483,19887,4660.89
1/6/2017,Organic Search,EXISTING,70923.21,528,24280.3,6586.29
1/6/2017,Branded Search,NEW,33107.92,196,11713.06,7526.42
1/6/2017,Direct,NEW,65809.8,393,22248.64,9499.92
1/6/2017,Referral,NEW,60620.92,341,19860.74,12727.42
1/6/2017,Display,NEW,23783.6,151,8464.39,13235.4
1/6/2017,Branded Search,EXISTING,79363.37,579,28412.97,18612.34
1/6/2017,Mail,NEW,90310.67,488,30281.83,20422.4
1/6/2017,Display,EXISTING,53094.89,456,18577.18,24575.54
1/6/2017,Direct,EXISTING,156509.71,1009,53638.43,24652.95
1/6/2017,Referral,EXISTING,140925.13,791,44902.68,30468.67
1/6/2017,Paid Search,NEW,92588.42,811,30509.7,46340.73
1/6/2017,Paid Search,EXISTING,120185.25,975,40483.14,61072.17
1/6/2017,Mail,EXISTING,435564.04,2574,149693.49,95859.93
1/7/2017,Organic Social,EXISTING,2435.82,17,775.67,141.44
1/7/2017,Organic Social,NEW,2311.62,19,751.2,179.04
1/7/2017,Brand,EXISTING,144.26,2,64.34,994.54
1/7/2017,Brand,NEW,188.57,2,36.29,1301.63
1/7/2017,Unidentified,NEW,18400.24,92,5740.9,1584.12
1/7/2017,Unidentified,EXISTING,29537.4,264,11460.25,2761.95
1/7/2017,Unidentified,EXISTING,29537.4,264,11460.25,2761.95
1/7/2017,Others,EXISTING,15807.4,155,5118.26,2905.12
1/7/2017,Others,NEW,16449.42,238,5429.91,3591.31
1/7/2017,Organic Search,NEW,73021.53,541,25312.6,5761.86
1/7/2017,Branded Search,NEW,38235.86,249,13954.33,7461.75
1/7/2017,Organic Search,EXISTING,81270,602,27726.1,7768.51
1/7/2017,Display,NEW,22914.91,161,7877.35,9215.33
1/7/2017,Direct,NEW,85133.76,528,29012.42,11984.5
1/7/2017,Referral,NEW,77396.78,423,25579.69,16733.17
1/7/2017,Mail,NEW,78919.62,410,26165.52,16890.53
1/7/2017,Branded Search,EXISTING,106014.43,737,37803.28,22889.51
1/7/2017,Direct,EXISTING,185251.59,1203,66669.66,25705.86
1/7/2017,Display,EXISTING,65006.58,490,22811.27,27369.26
1/7/2017,Referral,EXISTING,174422.92,942,58500.21,35961.08
1/7/2017,Paid Search,NEW,116313.53,1038,38649.72,56847.01
1/7/2017,Paid Search,EXISTING,160323.3,1227,55761.88,78904.82
1/7/2017,Mail,EXISTING,408911.88,2444,137351.47,89340.69
1/8/2017,Brand,NEW,,,,
1/8/2017,Organic Social,NEW,2279.38,21,760.75,130.43
1/8/2017,Organic Social,EXISTING,3240.61,23,1151.9,172.97
1/8/2017,Unidentified,NEW,14445.53,96,4859.55,1016.74
1/8/2017,Brand,EXISTING,276.84,2,116.05,2238.47
1/8/2017,Unidentified,EXISTING,32970.22,289,12465.44,2614.85
1/8/2017,Others,EXISTING,16092.22,169,5182.85,3192.73
1/8/2017,Others,NEW,19392.27,306,6162.56,4473.23
1/8/2017,Organic Search,NEW,85203.17,604,29316.7,7064.55
1/8/2017,Branded Search,NEW,36775.24,252,12767.27,7377.29
1/8/2017,Organic Search,EXISTING,98063.95,725,34316.22,8709.94
1/8/2017,Direct,NEW,73187.09,500,26215.68,9875.49
1/8/2017,Display,NEW,22270.22,155,7592.2,10996.89
1/8/2017,Referral,NEW,72639.2,406,24290.57,15806.6
1/8/2017,Branded Search,EXISTING,102489,722,37374.71,21900.79
1/8/2017,Direct,EXISTING,181769.95,1202,66720.33,24784.43
1/8/2017,Display,EXISTING,55401.19,460,19176.58,27089.93
1/8/2017,Mail,NEW,154360.64,821,53833.02,32805.53
1/8/2017,Referral,EXISTING,165434.67,946,56379.21,34844.33
1/8/2017,Paid Search,NEW,123645.2,1087,40955.41,60545.62
1/8/2017,Paid Search,EXISTING,170922.95,1333,57822.85,86806.69
1/8/2017,Mail,EXISTING,583515.04,3305,198359.89,126522.48
1/9/2017,Organic Social,NEW,,,,
1/9/2017,Organic Social,EXISTING,3770.29,18,1220.99,183.25
1/9/2017,Unidentified,NEW,18638.96,121,5856.12,1476.98
1/9/2017,Brand,EXISTING,8.58,1,1.7,2286.51
1/9/2017,Others,EXISTING,13741.84,133,4466.5,2571.24
1/9/2017,Unidentified,EXISTING,38188.38,321,13822.41,3204.54
1/9/2017,Others,NEW,17435.76,245,5346.97,3874.77
1/9/2017,Organic Search,NEW,64362.9,501,21519.21,4836.73
1/9/2017,Organic Search,EXISTING,77716.65,554,26263.2,6916.03
1/9/2017,Organic Search,EXISTING,77716.65,554,26263.2,6916.03
1/9/2017,Branded Search,NEW,35176.37,221,12221.2,7147.59
1/9/2017,Display,NEW,17577.92,132,6079.23,9223.59
1/9/2017,Direct,NEW,78949.89,438,29546.39,12458.44
1/9/2017,Referral,NEW,55055.52,354,18487.61,12772.23
1/9/2017,Branded Search,EXISTING,87880.92,615,31223.1,20742.02
1/9/2017,Direct,EXISTING,160807.27,1071,56829.38,24436.17
1/9/2017,Display,EXISTING,56051.13,422,19930.68,24701.96
1/9/2017,Mail,NEW,142439.45,736,48143.66,29670.74
1/9/2017,Referral,EXISTING,151537.55,829,48572.41,33246.57
1/9/2017,Paid Search,NEW,94621.9,885,31489.14,53114.27
1/9/2017,Paid Search,EXISTING,137934.54,1094,46682.87,78743.26
1/9/2017,Mail,EXISTING,508482.85,2848,170955.94,114621.37
1/10/2017,Organic Social,NEW,,,,
1/10/2017,Organic Social,EXISTING,1559.65,15,580.66,111.68
1/10/2017,Unidentified,NEW,17773.53,100,5435.3,1276.62
1/10/2017,Brand,NEW,164.51,1,68.69,2291.66
1/10/2017,Others,EXISTING,14202.41,137,4543,2561.96
1/10/2017,Unidentified,EXISTING,32790.99,271,12532.51,3200.25
1/10/2017,Others,NEW,15622.58,227,4630.22,3367.57
1/10/2017,Organic Search,NEW,56955.03,449,19195.22,4721.52
1/10/2017,Organic Search,EXISTING,71229.38,514,24651.82,6211.28
1/10/2017,Branded Search,NEW,29228.17,183,10043.53,6821.11
1/10/2017,Display,NEW,14389.28,123,4779.9,7359.36
1/10/2017,Direct,NEW,58327.55,383,21480.38,8671.44
1/10/2017,Referral,NEW,50068.66,279,17144.12,11205.41
1/10/2017,Branded Search,EXISTING,87864.56,565,31713.73,21062.57
1/10/2017,Mail,NEW,113051.86,581,37048.15,23486.3
1/10/2017,Direct,EXISTING,148124.72,986,52390.47,24088.72
1/10/2017,Display,EXISTING,51118.67,424,18211.81,24705.01
1/10/2017,Referral,EXISTING,139230.27,750,45581.8,31389.67
1/10/2017,Paid Search,NEW,90856.58,711,30671.54,40746.39
1/10/2017,Paid Search,EXISTING,134352.07,946,45910.24,62070.43
1/10/2017,Mail,EXISTING,434719.04,2464,148194.69,93565.18
1/11/2017,Organic Social,NEW,1788.29,18,560.44,111.78
1/11/2017,Organic Social,EXISTING,2378.19,21,949.98,209.25
1/11/2017,Unidentified,NEW,19515.35,110,6787.26,1204.42
1/11/2017,Others,EXISTING,15167.4,141,5147.1,2735.95
1/11/2017,Others,NEW,15755.66,233,4701.11,3397.58
1/11/2017,Organic Search,NEW,57137.98,432,19613.34,4209.65
1/11/2017,Unidentified,EXISTING,37445.68,267,14417.3,4315.58
1/11/2017,Organic Search,EXISTING,66480.36,496,23181.6,5153.82
1/11/2017,Branded Search,NEW,32576.42,207,11791.7,7349.1
1/11/2017,Display,NEW,20403.87,146,6781.24,8561.46
1/11/2017,Referral,NEW,50622.04,272,16969.74,11728.76
1/11/2017,Direct,NEW,71368.5,412,25562.66,11962.33
1/11/2017,Branded Search,EXISTING,75727.34,550,26882.82,18280.41
1/11/2017,Mail,NEW,105316.43,551,36446.86,21067.07
1/11/2017,Display,EXISTING,56331.12,426,20419.71,23566.8
1/11/2017,Direct,EXISTING,154217.37,1015,55548.68,25085.31
1/11/2017,Referral,EXISTING,134085.15,766,45508.8,29076.04
1/11/2017,Paid Search,NEW,85047.11,735,29156.85,37256.77
1/11/2017,Paid Search,EXISTING,113109.65,921,39877.57,49385.11
1/11/2017,Mail,EXISTING,353704.97,2094,123271.9,73610.18
1/12/2017,Organic Social,NEW,,,,
1/12/2017,Brand,EXISTING,,,,
1/12/2017,Organic Social,EXISTING,3315.28,16,1675.99,109.56
1/12/2017,Unidentified,NEW,22289.99,95,7280.89,1990.65
1/12/2017,Brand,NEW,338.22,2,96.23,2190.22
1/12/2017,Others,EXISTING,12900.39,121,4431.39,2352.02
1/12/2017,Unidentified,EXISTING,33365.72,275,12885.28,2595.62
1/12/2017,Organic Search,NEW,59501.9,440,21073.39,3381.31
1/12/2017,Others,NEW,16032.85,217,4988.49,3557.5
1/12/2017,Organic Search,EXISTING,65505.74,471,22412.67,4839.38
1/12/2017,Branded Search,NEW,35044.98,220,13282.69,7359.72
1/12/2017,Display,NEW,21781.67,147,7725.75,8119.41
1/12/2017,Direct,NEW,70135.33,423,24501.12,10267.01
1/12/2017,Direct,NEW,70135.33,423,24501.12,10267.01
1/12/2017,Referral,NEW,56386.82,297,19237.34,12425.32
1/12/2017,Branded Search,EXISTING,83985.96,574,30835.41,18274.03
1/12/2017,Mail,NEW,108386.02,547,36940.34,21792.3
1/12/2017,Display,EXISTING,65638.17,459,24413.25,25728.26
1/12/2017,Referral,EXISTING,147561,792,49766.43,29560.49
1/12/2017,Direct,EXISTING,188768.84,1089,69598.79,29788.56
1/12/2017,Paid Search,NEW,84466.04,719,29241.92,34553.56
1/12/2017,Paid Search,EXISTING,125731.58,933,43652.01,51664.42
1/12/2017,Mail,EXISTING,378443.22,2298,129386.72,71990.54
1/13/2017,Organic Social,EXISTING,,,,
1/13/2017,Organic Social,NEW,1729.7,17,627.5,117.35
1/13/2017,Unidentified,NEW,15510.34,99,4907.55,897.13
1/13/2017,Unidentified,EXISTING,23981.67,228,9273.83,1918.41
1/13/2017,Brand,EXISTING,24.09,1,2.59,2286.35
1/13/2017,Others,NEW,13570.05,224,4323.16,3074.04
1/13/2017,Organic Search,EXISTING,51924.63,423,17871.08,3335.26
1/13/2017,Others,EXISTING,17358.92,148,5767.71,3365.45
1/13/2017,Organic Search,NEW,51250.86,392,16905.33,3597.46
1/13/2017,Branded Search,NEW,34497.8,208,12911.85,7953.73
1/13/2017,Direct,NEW,53659.6,359,19350.52,9541.02
1/13/2017,Display,NEW,18204.9,129,6488.05,9827.74
1/13/2017,Referral,NEW,43573.22,248,13777.05,10190.94
1/13/2017,Branded Search,EXISTING,78056.35,547,29620.68,18475.05
1/13/2017,Mail,NEW,95339.82,514,32989.26,18648.44
1/13/2017,Direct,EXISTING,123748.93,880,44650.06,21437.04
1/13/2017,Display,EXISTING,45557.12,387,15288.67,24559.02
1/13/2017,Referral,EXISTING,123005,719,40341.8,28163.94
1/13/2017,Paid Search,NEW,74344.41,640,24442.68,34041.33
1/13/2017,Paid Search,EXISTING,101560.78,784,35979.28,46226.31
1/13/2017,Mail,EXISTING,367984.44,2341,126697.73,67881.39
1/14/2017,Organic Social,NEW,,,,
1/14/2017,Organic Social,EXISTING,2914.72,17,1107.14,440.78
1/14/2017,Unidentified,NEW,13370.15,81,4684.9,858.78
1/14/2017,Brand,NEW,9.22,1,4.33,901.25
1/14/2017,Brand,EXISTING,14.17,1,7.63,1387.12
1/14/2017,Unidentified,EXISTING,25006.7,256,10512.54,1502.92
1/14/2017,Unidentified,EXISTING,25006.7,256,10512.54,1502.92
1/14/2017,Others,EXISTING,14806.48,150,4834.46,3003.79
1/14/2017,Others,NEW,17118.32,262,5476.6,4016.69
1/14/2017,Organic Search,NEW,63888.07,483,22432.76,5189.65
1/14/2017,Organic Search,EXISTING,86247.33,619,30198.13,8201.52
1/14/2017,Branded Search,NEW,39149.64,228,14295.68,8756.69
1/14/2017,Display,NEW,17361.4,139,6104.85,8968.04
1/14/2017,Direct,NEW,67239.38,421,23606.59,10456.04
1/14/2017,Referral,NEW,53570.81,291,16708.86,13882.1
1/14/2017,Branded Search,EXISTING,79152.74,606,28701.36,18639.45
1/14/2017,Mail,NEW,107080.28,573,36884.83,21778.26
1/14/2017,Direct,EXISTING,152390.02,979,55905.84,24750.93
1/14/2017,Display,EXISTING,47526.66,357,16701.07,25957.52
1/14/2017,Referral,EXISTING,153187.64,841,51258.04,33333.25
1/14/2017,Paid Search,NEW,85633.74,737,29434.35,34134.14
1/14/2017,Paid Search,EXISTING,122612.16,925,43740.36,51072.51
1/14/2017,Mail,EXISTING,371753.48,2257,129329.6,75753.63
1/15/2017,Organic Social,EXISTING,3502.27,23,1226.28,180.56
1/15/2017,Organic Social,NEW,3068.32,17,1142.5,335.71
1/15/2017,Unidentified,NEW,15563.16,100,5158.27,1302.33
1/15/2017,Brand,NEW,85.13,1,16.56,2288.74
1/15/2017,Unidentified,EXISTING,34227.95,277,13125.4,2458.58
1/15/2017,Others,EXISTING,15292.52,159,5015.52,3026.27
1/15/2017,Others,NEW,19574.54,295,6293.85,4375.99
1/15/2017,Branded Search,NEW,34431.31,234,13311.51,6792.7
1/15/2017,Organic Search,NEW,78398.75,541,26471.28,6962.83
1/15/2017,Direct,NEW,72485.4,449,26206.2,9967.2
1/15/2017,Display,NEW,21871.74,135,7307.23,9982.42
1/15/2017,Organic Search,EXISTING,102139.37,693,35715.13,10815.23
1/15/2017,Referral,NEW,66819.89,341,22975.23,14304.58
1/15/2017,Branded Search,EXISTING,102598.48,679,38521.2,23187.58
1/15/2017,Direct,EXISTING,167492.35,1094,60201.32,24007.84
1/15/2017,Mail,NEW,136432.77,704,47371.49,27145.23
1/15/2017,Display,EXISTING,54934.21,400,19430.27,27807.44
1/15/2017,Referral,EXISTING,180761.11,963,62264.76,39691.64
1/15/2017,Paid Search,NEW,100562.15,832,35065.34,41866.8
1/15/2017,Paid Search,EXISTING,136246.08,1048,48355.04,56091.81
1/15/2017,Mail,EXISTING,544548.4,3068,193132.04,118886.95
1/16/2017,Organic Social,EXISTING,3283.73,24,1161.02,151.22
1/16/2017,Organic Social,NEW,2749.66,26,784.15,191.39
1/16/2017,Brand,NEW,25.08,1,9.94,215.42
1/16/2017,Unidentified,NEW,19809.33,121,5988.78,1224.45
1/16/2017,Brand,EXISTING,245.8,3,80.05,2082.48
1/16/2017,Others,EXISTING,15771.8,160,5132.55,3081.87
1/16/2017,Unidentified,EXISTING,36372.62,304,14047.92,3487.96
1/16/2017,Others,NEW,17524.05,263,5609.84,4000.5
1/16/2017,Organic Search,NEW,76089.25,596,25897.99,6026.64
1/16/2017,Branded Search,NEW,39726.59,270,14532.52,8360.67
1/16/2017,Organic Search,EXISTING,103163.65,737,35877.28,10709.26
1/16/2017,Display,NEW,22757.84,162,7593.76,11139.16
1/16/2017,Direct,NEW,92864.73,536,32885.8,12802.87
1/16/2017,Referral,NEW,72037.03,359,23996.11,16278.05
1/16/2017,Branded Search,EXISTING,94742.64,675,35267.22,19632.1
1/16/2017,Direct,EXISTING,196307.44,1243,69943.27,29704
1/16/2017,Display,EXISTING,71398.1,478,24508.53,33602.32
1/16/2017,Mail,NEW,174330.06,841,60023.55,37923.03
1/16/2017,Referral,EXISTING,191065.29,1008,62431.11,39949.99
1/16/2017,Paid Search,NEW,115640.91,912,40178.26,45175.23
1/16/2017,Paid Search,EXISTING,152942.7,1115,53839.82,60800.73
1/16/2017,Mail,EXISTING,684992.89,3535,235990.73,164603.93
1/17/2017,Organic Social,NEW,,,,
1/17/2017,Organic Social,EXISTING,3303.73,22,1190.13,178.03
1/17/2017,Brand,NEW,99.98,1,29.35,1115.84
1/17/2017,Brand,EXISTING,119.48,1,48.58,1179.63
1/17/2017,Unidentified,NEW,22900.37,102,8392.09,1952.97
1/17/2017,Unidentified,EXISTING,32270.42,303,12335.68,2498.3
1/17/2017,Others,EXISTING,14325.06,128,4646.92,2564.31
1/17/2017,Others,NEW,17513.84,254,5601.18,4111.53
1/17/2017,Organic Search,NEW,60503.9,455,20402.6,4452.59
1/17/2017,Branded Search,NEW,33241.13,192,12837.91,7080.48
1/17/2017,Organic Search,EXISTING,86130.61,600,29250.94,8389.05
1/17/2017,Direct,NEW,63619.1,389,23097.71,9546.89
1/17/2017,Direct,NEW,63619.1,389,23097.71,9546.89
1/17/2017,Display,NEW,22634.73,151,7525,12423.26
1/17/2017,Referral,NEW,48974.18,284,16646.54,12475.3
1/17/2017,Branded Search,EXISTING,81548.43,579,29454.65,19001.31
1/17/2017,Mail,NEW,109444.59,587,36756.79,23494.98
1/17/2017,Direct,EXISTING,164104.59,965,57903.52,28269.37
1/17/2017,Referral,EXISTING,138790.1,773,46663.25,31783.02
1/17/2017,Display,EXISTING,56219.6,447,19110.94,32089.56
1/17/2017,Paid Search,NEW,79255.13,689,26664.91,38692.73
1/17/2017,Paid Search,EXISTING,126606.37,917,43956.59,59715.96
1/17/2017,Mail,EXISTING,391102.12,2173,135215.07,84543.18
1/18/2017,Organic Social,NEW,,,,
1/18/2017,Organic Social,EXISTING,3221.99,20,1310.55,174.49
1/18/2017,Brand,NEW,75.9,1,32.73,595.29
1/18/2017,Unidentified,NEW,20951.51,107,7219.27,1672.82
1/18/2017,Brand,EXISTING,220.08,1,29.83,1701.8
1/18/2017,Unidentified,EXISTING,28681.09,268,11340.22,3158.34
1/18/2017,Others,EXISTING,15736.07,146,5444.88,3193.89
1/18/2017,Others,NEW,18102.38,257,5686.87,4232.22
1/18/2017,Organic Search,NEW,59060.3,452,20051.06,4929.54
1/18/2017,Branded Search,NEW,33440.81,218,11694.08,6840.47
1/18/2017,Organic Search,EXISTING,80804.01,613,28011.93,8876.91
1/18/2017,Direct,NEW,73691.03,396,26346.69,10255.85
1/18/2017,Display,NEW,23505.58,153,8505.01,13087.71
1/18/2017,Referral,NEW,51545.8,275,17187.27,13732.1
1/18/2017,Branded Search,EXISTING,95936.51,604,34768.16,21706.26
1/18/2017,Mail,NEW,112562.68,547,39632.07,23473.97
1/18/2017,Direct,EXISTING,161871.33,996,57513.76,26151.09
1/18/2017,Display,EXISTING,59674.56,455,21232.56,32294.48
1/18/2017,Referral,EXISTING,146105.73,783,49177.95,33578.6
1/18/2017,Paid Search,NEW,94894.45,750,32945.86,44724.01
1/18/2017,Paid Search,EXISTING,122900.18,943,42980.95,57089.97
1/18/2017,Mail,EXISTING,438526.08,2353,150758.17,95930.12
1/19/2017,Organic Social,EXISTING,2435.24,20,834.32,183.57
1/19/2017,Organic Social,EXISTING,2435.24,20,834.32,183.57
1/19/2017,Brand,NEW,15.82,1,10.01,257.73
1/19/2017,Organic Social,NEW,3427.91,21,1254.11,497.46
1/19/2017,Unidentified,NEW,19036.45,116,5988.65,1612.24
1/19/2017,Brand,EXISTING,124.58,2,25.09,2031.98
1/19/2017,Others,EXISTING,14510.13,149,4632.04,2898.59
1/19/2017,Others,NEW,18989.57,249,5734.97,4194.31
1/19/2017,Unidentified,EXISTING,36388.23,295,14168.55,4550.97
1/19/2017,Organic Search,NEW,70911.6,503,23591.68,6431.66
1/19/2017,Branded Search,NEW,40696.67,223,15194.43,8377.63
1/19/2017,Organic Search,EXISTING,96289.35,647,33793.59,11113
1/19/2017,Display,NEW,25288.18,173,8365.04,11779.39
1/19/2017,Direct,NEW,84377.99,449,32004.09,12479.23
1/19/2017,Referral,NEW,64660.25,324,20855.89,14960.51
1/19/2017,Branded Search,EXISTING,84265.29,610,30787.99,17414.09
1/19/2017,Mail,NEW,134667.45,690,47010.05,24118.73
1/19/2017,Direct,EXISTING,184030.49,1046,66353.29,30413.73
1/19/2017,Display,EXISTING,70226.55,525,24436.05,31392.96
1/19/2017,Referral,EXISTING,161365.13,865,54197.85,31644.86
1/19/2017,Paid Search,NEW,100880.3,779,34637.73,45658.35
1/19/2017,Paid Search,EXISTING,137500.29,944,48983.8,62461.24
1/19/2017,Mail,EXISTING,463448.87,2565,161027.61,94230.62
1/20/2017,Organic Social,NEW,,,,
1/20/2017,Organic Social,EXISTING,1910.36,16,682.54,146.44
1/20/2017,Unidentified,NEW,18515.81,96,6624.79,1463.04
1/20/2017,Unidentified,EXISTING,22218.72,230,8689.8,1873.75
1/20/2017,Brand,NEW,99.17,1,26.49,2287.03
1/20/2017,Others,EXISTING,15750.39,147,4999.59,3126.57
1/20/2017,Others,NEW,14064.3,235,4731.52,3186.36
1/20/2017,Organic Search,NEW,49299.34,359,16775.4,4003.84
1/20/2017,Branded Search,NEW,20230.05,153,7638.54,5167.75
1/20/2017,Referral,NEW,36532.49,210,11915.54,7886.78
1/20/2017,Organic Search,EXISTING,78591.58,492,27063.36,8468.23
1/20/2017,Direct,NEW,55964.66,313,20460.7,10201.03
1/20/2017,Display,NEW,19212.61,131,6850.79,11298.93
1/20/2017,Branded Search,EXISTING,65940.34,451,25687.59,18125.77
1/20/2017,Mail,NEW,95855.29,482,32363.35,19474.54
1/20/2017,Direct,EXISTING,131148.91,790,47436.89,23959.33
1/20/2017,Referral,EXISTING,115428.75,602,37714.21,26715.26
1/20/2017,Display,EXISTING,51018.17,360,18220.01,32013.96
1/20/2017,Paid Search,NEW,72567.64,565,24284.39,45658.48
1/20/2017,Paid Search,EXISTING,95598.2,743,32728.69,57154.45
1/20/2017,Mail,EXISTING,368038.51,2153,129282.11,75109.89
1/21/2017,Organic Social,EXISTING,1708.83,14,537.26,143.79
1/21/2017,Organic Social,NEW,1666.47,13,649.21,149.8
1/21/2017,Unidentified,NEW,11462.83,70,4196.26,934.72
1/21/2017,Unidentified,EXISTING,23440.82,244,9329.58,2022.32
1/21/2017,Brand,EXISTING,128.35,1,51.26,2287.27
1/21/2017,Others,EXISTING,12225.02,133,3863.94,2391.4
1/21/2017,Others,NEW,17257.76,255,5317.9,3839.82
1/21/2017,Organic Search,NEW,55303.49,440,18792.04,4228.21
1/21/2017,Branded Search,NEW,28521.34,172,10313.81,7363.17
1/21/2017,Direct,NEW,52342.96,351,18992.82,8502.24
1/21/2017,Organic Search,EXISTING,84805.67,594,29053.95,9056.64
1/21/2017,Referral,NEW,41627.84,233,13394.41,10788.28
1/21/2017,Display,NEW,18454.19,135,6773.58,11353.12
1/21/2017,Branded Search,EXISTING,67926.38,501,24988.23,18181.26
1/21/2017,Direct,EXISTING,130166.21,859,47079.55,23804.54
1/21/2017,Mail,NEW,119146.38,568,40446.24,25315.68
1/21/2017,Referral,EXISTING,126564.59,671,43114.63,25783.02
1/21/2017,Display,EXISTING,49360.58,360,17598.92,30394.16
1/21/2017,Paid Search,NEW,85575.23,701,30132.86,47530.93
1/21/2017,Paid Search,EXISTING,121646.52,911,42638.49,69190.88
1/21/2017,Mail,EXISTING,399329.42,2218,136745.38,86398.5
1/22/2017,Organic Social,NEW,,,,
1/22/2017,Organic Social,EXISTING,2717.48,16,994.73,143.66
1/22/2017,Unidentified,NEW,12790.7,80,3876.01,831.04
1/22/2017,Brand,EXISTING,26.72,1,5.85,2286.36
1/22/2017,Unidentified,EXISTING,28548,295,11105.59,2430.33
1/22/2017,Others,EXISTING,14331.53,158,4738.52,2876.43
1/22/2017,Others,NEW,17493.3,268,5491.91,3898.72
1/22/2017,Organic Search,NEW,81310.24,573,27979.21,6335.8
1/22/2017,Branded Search,NEW,30614.42,218,11573.98,6406
1/22/2017,Direct,NEW,73514.11,450,26821.37,9148.3
1/22/2017,Organic Search,EXISTING,118207.97,770,41602.32,12581.15
1/22/2017,Display,NEW,24029.07,154,8074.15,13022.81
1/22/2017,Referral,NEW,68782.51,338,22643.87,15521.06
1/22/2017,Branded Search,EXISTING,93548.32,664,35364.91,21430.84
1/22/2017,Direct,EXISTING,167506.64,1102,60962.19,26243.34
1/22/2017,Referral,EXISTING,145843.02,796,49937.85,28693.08
1/22/2017,Mail,NEW,152901.53,717,52093.75,33183.5
1/22/2017,Display,EXISTING,54713.82,409,19283.67,33844.77
1/22/2017,Paid Search,NEW,117644.38,906,40599.07,65709.81
1/22/2017,Paid Search,EXISTING,164816.12,1150,58101.8,89776.92
1/22/2017,Mail,EXISTING,540435.19,2966,185317.57,122267.82
1/23/2017,Organic Social,NEW,,,,
1/23/2017,Organic Social,EXISTING,2671.71,15,919.3,204.3
1/23/2017,Unidentified,NEW,19392.07,113,6547.95,1373.66
1/23/2017,Brand,NEW,45.87,1,7.74,2288.61
1/23/2017,Others,EXISTING,15985.76,138,5019.02,2904.12
1/23/2017,Unidentified,EXISTING,35187.16,337,13669.32,3427.56
1/23/2017,Others,NEW,23629.96,272,6377.58,5032.24
1/23/2017,Organic Search,NEW,65491.54,475,22657.64,5138.71
1/23/2017,Branded Search,NEW,30310.85,191,11217.56,6537.25
1/23/2017,Organic Search,EXISTING,90166.94,613,30966.46,9458.95
1/23/2017,Direct,NEW,65970.56,397,22818.87,10525.17
1/23/2017,Display,NEW,21619.28,155,7939.45,12497.8
1/23/2017,Referral,NEW,48990.19,272,15742.46,13466.07
1/23/2017,Branded Search,EXISTING,81540.25,570,29464.74,17501.05
1/23/2017,Direct,EXISTING,155290.13,964,54876.8,24736.38
1/23/2017,Referral,EXISTING,134470.16,759,45393.43,26985.17
1/23/2017,Mail,NEW,153211.05,721,52347.82,36263.26
1/23/2017,Display,EXISTING,63870.47,451,22755.86,38478.66
1/23/2017,Paid Search,NEW,89343.76,761,29273.05,55088.12
1/23/2017,Paid Search,EXISTING,120655.31,944,42625.41,75646.83
1/23/2017,Mail,EXISTING,605725.13,3382,208604.79,143564.64
1/24/2017,Organic Social,NEW,,,,
1/24/2017,Organic Social,EXISTING,3495.59,19,1210.85,118.96
1/24/2017,Brand,NEW,25.95,1,10,786.94
1/24/2017,Brand,EXISTING,49.5,1,22.65,1499.77
1/24/2017,Unidentified,NEW,21215.41,107,6511.07,1623.56
1/24/2017,Others,EXISTING,15523.23,140,4749,2846.97
1/24/2017,Unidentified,EXISTING,36321.5,375,15509.39,3326.72
1/24/2017,Others,NEW,18836.05,258,5617.89,4088.07
1/24/2017,Organic Search,NEW,54380.49,418,18396.77,4459.4
1/24/2017,Branded Search,NEW,32001.59,185,12644.61,6771.52
1/24/2017,Direct,NEW,62405.71,356,22050.03,8794.06
1/24/2017,Organic Search,EXISTING,86172.28,599,30464.33,10008.32
1/24/2017,Referral,NEW,42253.85,245,13729.55,10657.41
1/24/2017,Display,NEW,21894.41,141,8069.34,12017.13
1/24/2017,Branded Search,EXISTING,78781.66,502,28124.36,17186.77
1/24/2017,Direct,EXISTING,136011.17,890,48549.03,22481.88
1/24/2017,Mail,NEW,115808.34,547,39358.54,23976.06
1/24/2017,Referral,EXISTING,122140.06,699,41576.12,26382.29
1/24/2017,Display,EXISTING,64639.04,438,23585.85,36406.62
1/24/2017,Paid Search,NEW,82563.72,695,28994.61,48755.58
1/24/2017,Paid Search,EXISTING,111968.8,852,38668.29,64504.5
1/24/2017,Mail,EXISTING,381161.86,2248,131274.32,83116.14
1/25/2017,Organic Social,NEW,,,,
1/25/2017,Organic Social,EXISTING,2175.59,16,834.12,198.82
1/25/2017,Brand,EXISTING,28.8,1,9.73,307.02
1/25/2017,Unidentified,NEW,19509.4,93,6597,1266.23
1/25/2017,Brand,NEW,188.26,2,91.52,1993.83
1/25/2017,Unidentified,EXISTING,37165.66,360,15612.09,2812.02
1/25/2017,Others,EXISTING,17435.51,120,5467.24,2861.92
1/25/2017,Others,NEW,15933.95,233,5023.94,3471.91
1/25/2017,Organic Search,NEW,56688.57,426,19042.92,4226.45
1/25/2017,Branded Search,NEW,28714.35,170,10174.38,6074.54
1/25/2017,Referral,NEW,49809.11,257,15826.99,9767.64
1/25/2017,Organic Search,EXISTING,96259.93,615,34150.19,10207.32
1/25/2017,Display,NEW,22434.96,141,8096.3,11300.32
1/25/2017,Direct,NEW,68521.36,373,25843.74,12385.63
1/25/2017,Branded Search,EXISTING,70241.27,522,25276.67,16010.49
1/25/2017,Direct,EXISTING,133080.92,877,49118.21,22848.64
1/25/2017,Mail,NEW,108783.81,535,38224.07,22983.31
1/25/2017,Display,EXISTING,54012.23,407,19130.62,25775.98
1/25/2017,Referral,EXISTING,125505.5,666,42389.33,25989.78
1/25/2017,Paid Search,NEW,79964.96,658,27382.02,44044.02
1/25/2017,Paid Search,EXISTING,107460.99,839,37910.95,60719.31
1/25/2017,Mail,EXISTING,348131.88,2048,119877.94,72970.06
1/26/2017,Organic Social,NEW,,,,
1/26/2017,Organic Social,EXISTING,3307.15,16,1228.87,239.8
1/26/2017,Unidentified,NEW,17909.08,105,5649.81,1633.32
1/26/2017,Brand,EXISTING,358.02,3,81.67,2305.26
1/26/2017,Unidentified,EXISTING,33065.05,337,13531.81,3273.39
1/26/2017,Others,EXISTING,20065.04,175,6060.05,3498.56
1/26/2017,Organic Search,NEW,60346.64,448,19629.06,4412.19
1/26/2017,Others,NEW,21054.63,290,6103.17,4505.29
1/26/2017,Branded Search,NEW,34505.33,180,12394.78,7299.24
1/26/2017,Display,NEW,20373.96,118,7730.57,8832.27
1/26/2017,Organic Search,EXISTING,86847.68,587,29995.34,9909.76
1/26/2017,Direct,NEW,68549.86,369,24433.82,9995.07
1/26/2017,Referral,NEW,50863.33,286,17724.06,11086.21
1/26/2017,Branded Search,EXISTING,78706.03,522,29209.39,17797.51
1/26/2017,Direct,EXISTING,136498.88,848,50081.46,22187.75
1/26/2017,Mail,NEW,113014.74,544,38387.9,23254.17
1/26/2017,Display,EXISTING,56270.82,393,20651.18,23401.3
1/26/2017,Referral,EXISTING,149712.6,791,49454.65,31349.4
1/26/2017,Paid Search,NEW,75877.02,649,25628.45,37899.04
1/26/2017,Paid Search,EXISTING,109073.17,792,38099.28,57188.77
1/26/2017,Mail,EXISTING,413561.26,2398,145361.45,82321.63
1/27/2017,Organic Social,NEW,,,,
1/27/2017,Organic Social,EXISTING,2406.76,17,906.85,160.31
1/27/2017,Brand,EXISTING,17.12,1,13.53,373.31
1/27/2017,Unidentified,NEW,17992.26,99,5698.58,1500.36
1/27/2017,Brand,NEW,87.77,1,32.42,1913.77
1/27/2017,Unidentified,EXISTING,29503.94,353,13158.34,2199.35
1/27/2017,Others,EXISTING,17447.62,174,5585.84,3607.46
1/27/2017,Organic Search,NEW,52083.27,395,17942.41,3864.09
1/27/2017,Others,NEW,18763.22,321,5896.94,4123.41
1/27/2017,Branded Search,NEW,25150.33,163,9014.61,5708.1
1/27/2017,Organic Search,EXISTING,79306.97,531,27335.02,8074.74
1/27/2017,Direct,NEW,51793.58,317,18539.86,8267.7
1/27/2017,Display,NEW,17685.91,117,6256.63,8270.08
1/27/2017,Referral,NEW,42889.31,253,13989.24,10190.05
1/27/2017,Mail,NEW,88820.55,484,30076.74,17700.24
1/27/2017,Branded Search,EXISTING,73717.69,487,27876.53,18371.82
1/27/2017,Display,EXISTING,45189.53,332,18134.3,21655.96
1/27/2017,Direct,EXISTING,129424.47,852,46744.56,22623.93
1/27/2017,Referral,EXISTING,117795.28,715,39615.21,27802.95
1/27/2017,Paid Search,NEW,65726.89,587,22577.94,36846.28
1/27/2017,Paid Search,EXISTING,106047.96,765,39208.72,58764.43
1/27/2017,Mail,EXISTING,334951.43,2096,119714.79,70592
1/28/2017,Organic Social,NEW,1920.15,12,705.2,149.03
1/28/2017,Organic Social,EXISTING,3683.45,21,1375.05,322.58
1/28/2017,Unidentified,NEW,12700.75,78,4358.7,1198.1
1/28/2017,Unidentified,EXISTING,22441.55,319,10505.35,1825.38
1/28/2017,Others,EXISTING,14465.28,191,4573.21,3238.61
1/28/2017,Others,NEW,21926.48,353,7025.47,5208.28
1/28/2017,Organic Search,NEW,65840.51,490,22987.14,5550.95
1/28/2017,Branded Search,NEW,30302.77,189,10816.81,6242.11
1/28/2017,Direct,NEW,57798.32,362,20233.39,8702.63
1/28/2017,Display,NEW,18415.45,113,6631.53,8963.99
1/28/2017,Organic Search,EXISTING,98583.68,660,34854.45,10378.6
1/28/2017,Referral,NEW,68447.34,315,22680.01,15923.64
1/28/2017,Branded Search,EXISTING,71879.16,516,26027.52,17542.52
1/28/2017,Display,EXISTING,46583.06,336,16518.54,19943.8
1/28/2017,Direct,EXISTING,144307.1,917,53179.76,24245.66
1/28/2017,Mail,NEW,111130.21,557,38658.83,25633.4
1/28/2017,Referral,EXISTING,128037.84,751,44202.57,28642.11
1/28/2017,Paid Search,NEW,98752.53,734,33111.82,53608.67
1/28/2017,Paid Search,EXISTING,116627.41,909,41151.64,64951.01
1/28/2017,Mail,EXISTING,376584.49,2225,131658.42,86109.5
1/29/2017,Organic Social,NEW,,,,
1/29/2017,Organic Social,EXISTING,3206.66,18,1081.86,249.63
1/29/2017,Unidentified,NEW,14454.19,80,5198.12,937.87
1/29/2017,Unidentified,EXISTING,26434.87,336,11212.21,1717.52
1/29/2017,Brand,EXISTING,59.3,1,21.63,2286.64
1/29/2017,Others,EXISTING,24195.86,231,7946.99,4489.1
1/29/2017,Others,NEW,20698.86,353,6554.32,4943.03
1/29/2017,Organic Search,NEW,77443.64,557,25952.41,5445.83
1/29/2017,Branded Search,NEW,31419.04,196,12146.95,6418.93
1/29/2017,Display,NEW,18490.03,118,6821.95,8818.21
1/29/2017,Direct,NEW,74122.68,438,27533.73,10390.8
1/29/2017,Organic Search,EXISTING,103551.26,719,36023.26,10586.56
1/29/2017,Referral,NEW,71951.81,382,24118.91,17046.1
1/29/2017,Branded Search,EXISTING,86046.6,601,32158.22,18983.65
1/29/2017,Display,EXISTING,51621,363,18771.91,22566.03
1/29/2017,Direct,EXISTING,157424.5,1033,57468.31,23368.92
1/29/2017,Mail,NEW,142425.31,694,49438.29,32225.16
1/29/2017,Referral,EXISTING,158451.19,893,53833.02,33997.58
1/29/2017,Paid Search,NEW,103671.35,853,35642.62,60445.98
1/29/2017,Paid Search,EXISTING,146413.98,1094,52378.97,84916.92
1/29/2017,Mail,EXISTING,509550.64,2717,174475.44,117990.84
1/29/2017,Mail,EXISTING,509550.64,2717,174475.44,117990.84
1/30/2017,Organic Social,NEW,,,,
1/30/2017,Organic Social,EXISTING,1648.95,13,630.17,117.55
1/30/2017,Brand,NEW,50.19,1,20.14,523.8
1/30/2017,Unidentified,NEW,20026.24,98,6503.02,1054.86
1/30/2017,Brand,EXISTING,169.61,1,68.73,1765.59
1/30/2017,Unidentified,EXISTING,35650.55,467,16601.27,2533.58
1/30/2017,Others,EXISTING,18940.4,182,5859.21,3626.86
1/30/2017,Others,NEW,21411.63,323,6648.56,5064.4
1/30/2017,Organic Search,NEW,65253.14,491,22201.51,5465.13
1/30/2017,Branded Search,NEW,30428.9,192,11117.26,6765.67
1/30/2017,Display,NEW,13914.4,118,4716.17,6803.71
1/30/2017,Organic Search,EXISTING,85481.27,609,29623.77,8614.66
1/30/2017,Referral,NEW,47828.14,277,16130.03,9584.16
1/30/2017,Direct,NEW,63588.04,367,22144.42,9712.12
1/30/2017,Branded Search,EXISTING,79873.15,539,29404.43,19072.78
1/30/2017,Referral,EXISTING,124260.7,735,42192.1,24797.7
1/30/2017,Direct,EXISTING,148604.34,902,54051.09,25191.53
1/30/2017,Display,EXISTING,53891,385,20873.39,29212.36
1/30/2017,Mail,NEW,140579.61,627,47012.62,30369.2
1/30/2017,Paid Search,NEW,90990.76,710,31113.51,53863.08
1/30/2017,Paid Search,EXISTING,112918.31,892,40101.5,69735.32
1/30/2017,Mail,EXISTING,549748.63,3063,190157.11,135201
1/31/2017,Organic Social,NEW,,,,
1/31/2017,Organic Social,EXISTING,2070.35,13,764.2,128.48
1/31/2017,Brand,EXISTING,24.75,1,11.2,495.03
1/31/2017,Unidentified,NEW,18545.87,95,6747.5,1581.92
1/31/2017,Brand,NEW,89.59,1,25.37,1797.15
1/31/2017,Unidentified,EXISTING,32594.55,347,13455.21,2859.21
1/31/2017,Others,EXISTING,19459.67,176,5985.48,3852.69
1/31/2017,Organic Search,NEW,60640.29,478,20741.33,4416.23
1/31/2017,Others,NEW,22013.69,347,6896.88,5059.87
1/31/2017,Branded Search,NEW,27844.94,188,10364.45,5991.66
1/31/2017,Referral,NEW,43675.81,267,14656.36,9147.8
1/31/2017,Organic Search,EXISTING,83021.13,606,28873.44,9354.2
1/31/2017,Direct,NEW,61288.61,387,22343.08,9596.56
1/31/2017,Display,NEW,18976.16,130,6671.55,11673.93
1/31/2017,Branded Search,EXISTING,81828.28,519,29502.66,19737.08
1/31/2017,Direct,EXISTING,135600.73,892,50330.9,22002.04
1/31/2017,Referral,EXISTING,121313.17,687,40962.22,24333.57
1/31/2017,Mail,NEW,114505.45,581,40414.41,24781.52
1/31/2017,Display,EXISTING,55535.99,415,20792.2,34691.66
1/31/2017,Paid Search,NEW,80089.62,680,27887.33,48215
1/31/2017,Paid Search,EXISTING,115333.38,858,41173.73,66973.34
1/31/2017,Mail,EXISTING,414479.83,2326,146707.24,93113.54
2/1/2017,Organic Social,NEW,2000.07,20,796.19,150.18
2/1/2017,Organic Social,EXISTING,3632.76,19,1327.43,363.27
2/1/2017,Unidentified,NEW,21332.72,111,6915.16,1465.21
2/1/2017,Brand,EXISTING,105.32,2,41.06,1875.62
2/1/2017,Brand,NEW,159.76,2,55.53,2840.8
2/1/2017,Unidentified,EXISTING,35486.36,333,14245.45,3095.17
2/1/2017,Others,EXISTING,18854.01,200,6138.09,3664.69
2/1/2017,Organic Search,NEW,60618.71,488,20943.8,4532.82
2/1/2017,Others,NEW,25789.12,380,7918.33,5398.21
2/1/2017,Branded Search,NEW,35558.9,205,12204.98,7765.66
2/1/2017,Organic Search,EXISTING,90256.56,591,31712.74,9823.85
2/1/2017,Referral,NEW,47918.41,257,15995.56,9978.83
2/1/2017,Display,NEW,19948.85,129,7336.26,10565.47
2/1/2017,Direct,NEW,65071.93,399,23168.93,11259.75
2/1/2017,Branded Search,EXISTING,75241.57,538,28694.15,17692.17
2/1/2017,Direct,EXISTING,141173.55,892,52374.66,25100.29
2/1/2017,Referral,EXISTING,137565.08,747,46868.5,28608.18
2/1/2017,Mail,NEW,134724.48,661,47066.74,30031.74
2/1/2017,Display,EXISTING,67888.6,457,26537.46,38378.87
2/1/2017,Paid Search,NEW,91781.66,764,31767.68,56989.09
2/1/2017,Paid Search,EXISTING,122468.36,894,44689.04,78254.52
2/1/2017,Mail,EXISTING,570592.42,3369,198869.86,144366.6
2/2/2017,Organic Social,EXISTING,2403.9,18,848.71,164.64
2/2/2017,Organic Social,NEW,3243.58,23,1296.51,219.22
2/2/2017,Unidentified,NEW,21379.11,104,7648.3,1215.68
2/2/2017,Others,EXISTING,19268.71,209,6247.62,3722.21
2/2/2017,Brand,NEW,227.2,1,90.43,4703.46
2/2/2017,Organic Search,NEW,64048.68,463,22610.89,4813.07
2/2/2017,Unidentified,EXISTING,37433.01,379,15845.67,4983.8
2/2/2017,Others,NEW,23883.71,384,7529.11,5205.35
2/2/2017,Branded Search,NEW,43123.31,214,16741.6,8726.72
2/2/2017,Organic Search,EXISTING,85355.27,590,30214.52,8771.99
2/2/2017,Direct,NEW,71262.78,417,26607.87,11177.39
2/2/2017,Referral,NEW,58396.21,287,20409.8,12085.63
2/2/2017,Display,NEW,27098.01,190,10144.97,17277.15
2/2/2017,Branded Search,EXISTING,90295.9,571,38158.84,20341.89
2/2/2017,Direct,EXISTING,147284.93,940,54857.52,25641.07
2/2/2017,Referral,EXISTING,141260.59,769,48590.23,30188.39
2/2/2017,Mail,NEW,151187.45,692,52431.27,30514.78
2/2/2017,Display,EXISTING,68947.88,499,25887.02,43825.42
2/2/2017,Paid Search,NEW,96305.95,735,34782.14,62092.06
2/2/2017,Paid Search,EXISTING,123204.64,860,47273.49,79453.55
2/2/2017,Mail,EXISTING,649326.09,3737,235357.76,157488.6
2/3/2017,Organic Social,EXISTING,3102.72,19,1113.68,191.98
2/3/2017,Organic Social,NEW,1776.67,15,649.46,260.85
2/3/2017,Unidentified,NEW,14142.53,85,4729.12,1046.28
2/3/2017,Unidentified,EXISTING,27991.46,364,13141.52,3012.01
2/3/2017,Others,EXISTING,19724.95,222,6446.84,3858.63
2/3/2017,Organic Search,NEW,55776.16,457,19905.71,4012.12
2/3/2017,Brand,NEW,97.43,1,38.93,4695.82
2/3/2017,Others,NEW,25203.06,409,8173.29,5462.56
2/3/2017,Branded Search,NEW,25099.86,169,8554.98,5815.67
2/3/2017,Organic Search,EXISTING,78251.13,585,28250.44,8213.84
2/3/2017,Referral,NEW,43984.5,221,14615.11,9831.21
2/3/2017,Direct,NEW,63529.72,367,24981.78,11753.47
2/3/2017,Display,NEW,22706.55,161,8152.25,15140.81
2/3/2017,Branded Search,EXISTING,73356.47,521,28765.33,17991.61
2/3/2017,Direct,EXISTING,125972.74,832,47740.44,23825.61
2/3/2017,Mail,NEW,110491.86,566,39477.44,24630.75
2/3/2017,Referral,EXISTING,107921.62,652,36377.75,24952.94
2/3/2017,Display,EXISTING,53272.74,404,19543.6,39411.16
2/3/2017,Paid Search,NEW,77141.43,676,27322.04,60562.42
2/3/2017,Paid Search,EXISTING,96536.54,760,34100.53,70463.83
2/3/2017,Mail,EXISTING,391365.97,2537,142213.42,86130.54
2/4/2017,Organic Social,EXISTING,,,,
2/4/2017,Organic Social,NEW,2314.73,21,836.7,114.24
2/4/2017,Unidentified,NEW,11767.92,97,4108.92,769.89
2/4/2017,Brand,NEW,78.36,2,26.28,1736.88
2/4/2017,Brand,EXISTING,133.47,1,59.31,2971.58
2/4/2017,Unidentified,EXISTING,30962.03,366,13897.02,3249.58
2/4/2017,Others,EXISTING,18733.03,218,6690.02,3797.13
2/4/2017,Organic Search,NEW,66105.83,531,23019.7,4858.74
2/4/2017,Others,NEW,25564.9,407,8908.82,5620.77
2/4/2017,Branded Search,NEW,33976.84,206,13668.25,7842.85
2/4/2017,Organic Search,EXISTING,98717.32,677,35502.53,9448.74
2/4/2017,Direct,NEW,59477.99,402,22162.24,10151.33
2/4/2017,Referral,NEW,45993.66,291,14662.33,10965.72
2/4/2017,Display,NEW,18709.75,136,6856.34,13110.04
2/4/2017,Branded Search,EXISTING,78134.25,547,30157.41,18454.5
2/4/2017,Direct,EXISTING,137964.45,934,52780.52,22612.84
2/4/2017,Mail,NEW,115258.72,545,40904.95,25931.89
2/4/2017,Display,EXISTING,52388.05,369,19862.67,34457.52
2/4/2017,Referral,EXISTING,139060.42,837,48215.1,34877.03
2/4/2017,Paid Search,NEW,92553.98,747,32254.71,59671.3
2/4/2017,Paid Search,EXISTING,123509.31,974,44345.72,79615.13
2/4/2017,Mail,EXISTING,400972.61,2502,145428.74,90771.52
2/5/2017,Organic Social,NEW,,,,
2/5/2017,Organic Social,EXISTING,2548.51,18,1036.05,118.99
2/5/2017,Unidentified,NEW,10607.02,74,3645.8,689.24
2/5/2017,Unidentified,EXISTING,26416.3,317,11975.01,1648.79
2/5/2017,Brand,EXISTING,348.02,3,142.73,2293.57
2/5/2017,Brand,NEW,364.97,1,116.22,2405.27
2/5/2017,Others,EXISTING,18034.26,205,5838.55,3554.25
2/5/2017,Others,NEW,20921.25,344,7017.09,4507
2/5/2017,Organic Search,NEW,72003.87,581,25309.91,4803.79
2/5/2017,Branded Search,NEW,31703.8,213,12464.85,6601.86
2/5/2017,Organic Search,EXISTING,94489.55,686,33182,8699.51
2/5/2017,Direct,NEW,60510.28,396,22637.59,10147.46
2/5/2017,Referral,NEW,49752.57,294,16889.29,11398.08
2/5/2017,Display,NEW,19269.51,137,7001.97,12638.57
2/5/2017,Branded Search,EXISTING,82551.73,570,32503.91,19031.12
2/5/2017,Direct,EXISTING,153111.81,1001,56812.07,25192.86
2/5/2017,Mail,NEW,119280.08,575,42562.91,25534.23
2/5/2017,Referral,EXISTING,138394.48,852,47727.34,32295.99
2/5/2017,Display,EXISTING,50601.69,366,17867.12,33952.08
2/5/2017,Paid Search,NEW,91068.66,753,32723.12,55648.62
2/5/2017,Paid Search,EXISTING,119353.91,912,43131.88,72170.81
2/5/2017,Mail,EXISTING,461592.7,2581,167444.85,104381.26
2/6/2017,Organic Social,EXISTING,2800.45,23,1054.21,144.53
2/6/2017,Organic Social,NEW,2346.3,19,778.3,156.47
2/6/2017,Brand,EXISTING,45.4,1,6.84,741.26
2/6/2017,Unidentified,NEW,19956.88,108,6498.02,1418.77
2/6/2017,Unidentified,EXISTING,33801.8,316,14158.95,2929.42
2/6/2017,Others,EXISTING,18873.34,202,6568.09,3477.61
2/6/2017,Brand,NEW,242.19,2,106.36,3956.14
2/6/2017,Others,NEW,19731.47,353,6653.01,4237.78
2/6/2017,Organic Search,NEW,69097.69,536,24217.08,4422.91
2/6/2017,Branded Search,NEW,28876.03,188,11120.44,6966.49
2/6/2017,Organic Search,EXISTING,80600.91,599,28913.57,7947.73
2/6/2017,Referral,NEW,45866.64,279,15551.63,10881.72
2/6/2017,Direct,NEW,62034.35,397,23446.76,11656.16
2/6/2017,Display,NEW,19060.25,130,6790.08,12688.04
2/6/2017,Branded Search,EXISTING,79029.86,520,30252.73,20696.49
2/6/2017,Direct,EXISTING,138255.79,898,50413.46,28030.4
2/6/2017,Mail,NEW,129067.39,660,45281.12,31016.51
2/6/2017,Referral,EXISTING,133909.79,774,44876.37,31969.85
2/6/2017,Display,EXISTING,48961.79,380,18298.38,34006.19
2/6/2017,Display,EXISTING,48961.79,380,18298.38,34006.19
2/6/2017,Paid Search,NEW,76247.38,647,26390.87,52139.57
2/6/2017,Paid Search,EXISTING,107968.53,786,39452.53,71451.45
2/6/2017,Mail,EXISTING,673305.06,3515,242427.57,187444.23
2/7/2017,Organic Social,EXISTING,,,,
2/7/2017,Organic Social,NEW,2737.16,13,1042.27,270.29
2/7/2017,Unidentified,NEW,17912.64,95,6054.49,1165.07
2/7/2017,Brand,NEW,31.35,1,11.64,1231.65
2/7/2017,Unidentified,EXISTING,33164.77,338,14531.63,2377.5
2/7/2017,Others,EXISTING,17428.77,190,5891.51,3210.26
2/7/2017,Brand,EXISTING,88.13,1,36.24,3461.97
2/7/2017,Others,NEW,21796.1,349,7363.84,4449.48
2/7/2017,Organic Search,NEW,73511.39,533,25614.29,4641.49
2/7/2017,Branded Search,NEW,28319.03,194,10792.07,7327.65
2/7/2017,Referral,NEW,37995.03,237,12816.58,8379.23
2/7/2017,Organic Search,EXISTING,97612.62,613,33526.66,9895.43
2/7/2017,Direct,NEW,61486.5,363,22967.62,12330.79
2/7/2017,Display,NEW,18320.81,145,6403.66,13327.59
2/7/2017,Branded Search,EXISTING,75854.4,522,29142.43,19737.82
2/7/2017,Mail,NEW,118969.68,595,42961.9,26705
2/7/2017,Direct,EXISTING,138165.86,897,54111.57,28005.16
2/7/2017,Referral,EXISTING,140132.1,740,48623.7,31441.07
2/7/2017,Display,EXISTING,48143.15,369,17271.62,33041.79
2/7/2017,Paid Search,NEW,68290.68,598,24343.39,42181.84
2/7/2017,Paid Search,EXISTING,104181.64,778,37849.33,62728.48
2/7/2017,Mail,EXISTING,467945.4,2885,164948.31,114976.85
2/8/2017,Organic Social,EXISTING,,,,
2/8/2017,Organic Social,NEW,,,,
2/8/2017,Unidentified,NEW,17458.19,94,5950.37,1359.45
2/8/2017,Brand,EXISTING,65.99,1,28.86,2213.27
2/8/2017,Brand,NEW,74.22,2,29.05,2485.06
2/8/2017,Unidentified,EXISTING,35730.69,369,15107.82,2760.18
2/8/2017,Others,EXISTING,15958.71,154,5501.71,2917.05
2/8/2017,Others,NEW,20075.46,305,6599.14,4030
2/8/2017,Organic Search,NEW,61296.3,509,21229.49,4526.14
2/8/2017,Branded Search,NEW,25028.28,183,10204.37,6578.8
2/8/2017,Organic Search,EXISTING,83449.59,595,29511.76,8624.83
2/8/2017,Referral,NEW,49343.63,242,16618.97,10535.4
2/8/2017,Display,NEW,20802.16,147,7808.32,12801.23
2/8/2017,Direct,NEW,66253.28,400,25516.64,13764.93
2/8/2017,Branded Search,EXISTING,74398.05,537,29583.97,20257.05
2/8/2017,Mail,NEW,123180.93,609,43081.27,25856.92
2/8/2017,Direct,EXISTING,133842.56,883,49936.42,26387.62
2/8/2017,Referral,EXISTING,126069.12,727,43004.57,28071.76
2/8/2017,Display,EXISTING,48009.28,363,16898.94,29368.23
2/8/2017,Paid Search,NEW,77319.63,597,27208.27,38634.01
2/8/2017,Paid Search,EXISTING,101704.75,735,36205.14,49855.92
2/8/2017,Mail,EXISTING,431248.86,2678,155460.17,90307.69
2/9/2017,Organic Social,EXISTING,3311.95,19,1116.15,191.35
2/9/2017,Organic Social,NEW,3837.26,22,1375.1,251.85
2/9/2017,Unidentified,NEW,18141.47,98,5564.82,1019.31
2/9/2017,Brand,NEW,438.33,2,109.18,1925.06
2/9/2017,Unidentified,EXISTING,37836.38,352,15128.52,2646.25
2/9/2017,Brand,EXISTING,633.72,4,163.55,2781.52
2/9/2017,Others,EXISTING,16172.85,159,5882.5,3005.6
2/9/2017,Others,NEW,18967.26,283,6185.24,3736.66
2/9/2017,Organic Search,NEW,73292.53,540,25587.93,5613.36
2/9/2017,Branded Search,NEW,34792.88,210,14134.59,8382.95
2/9/2017,Organic Search,EXISTING,99119.5,679,35603.9,9997.89
2/9/2017,Referral,NEW,47841.02,283,16386.83,10103.22
2/9/2017,Direct,NEW,69650.45,422,25245.98,12386.22
2/9/2017,Display,NEW,22431.49,159,8291.83,13763.99
2/9/2017,Branded Search,EXISTING,93068.51,572,35819.02,21879.4
2/9/2017,Mail,NEW,118976.65,598,43431.76,24110.48
2/9/2017,Direct,EXISTING,148405.79,971,56467.92,27528.6
2/9/2017,Referral,EXISTING,146552.74,780,50891.56,32477.15
2/9/2017,Display,EXISTING,62660.83,422,22849.15,32880.15
2/9/2017,Paid Search,NEW,83274.22,663,29625.46,40142.37
2/9/2017,Paid Search,EXISTING,104361.04,750,37474.06,50526.91
2/9/2017,Mail,EXISTING,422370.41,2420,150832.33,88084.84
2/10/2017,Organic Social,NEW,,,,
2/10/2017,Organic Social,EXISTING,3397.31,20,1164.92,279.76
2/10/2017,Brand,EXISTING,98,2,44.6,1943.1
2/10/2017,Unidentified,NEW,23796.31,112,7787.32,2185.37
2/10/2017,Others,EXISTING,14782.94,140,5203.94,2764.2
2/10/2017,Unidentified,EXISTING,35478.98,308,15097.08,3704.78
2/10/2017,Others,NEW,18277.56,282,6313,3994.9
2/10/2017,Brand,NEW,283.66,2,61.17,5602.96
2/10/2017,Organic Search,NEW,76872.54,492,27565.07,8029.36
2/10/2017,Branded Search,NEW,30203.15,176,11094.11,8214.65
2/10/2017,Organic Search,EXISTING,82746.24,557,29817.29,9018.62
2/10/2017,Display,NEW,19534.43,133,7856.12,11095.79
2/10/2017,Referral,NEW,51604.91,264,17449.66,11844.08
2/10/2017,Direct,NEW,60834.35,378,23827.65,13011.29
2/10/2017,Branded Search,EXISTING,71486.36,498,28332.77,20512.89
2/10/2017,Mail,NEW,111111.69,542,39195.71,21984.33
2/10/2017,Direct,EXISTING,145024.45,884,56099.46,33694.17
2/10/2017,Referral,EXISTING,147525.61,798,52354.89,35016.73
2/10/2017,Display,EXISTING,53814.8,388,20737.32,36544.39
2/10/2017,Paid Search,NEW,77348.68,620,28752.99,44666.04
2/10/2017,Paid Search,EXISTING,111482.78,750,42264.09,64664.29
2/10/2017,Mail,EXISTING,554821.1,3146,200665.97,121970.2
2/11/2017,Organic Social,NEW,2346.96,20,978.65,222.37
2/11/2017,Organic Social,EXISTING,3116.81,19,1223.86,264.22
2/11/2017,Brand,EXISTING,58.9,1,18.87,974.8
2/11/2017,Unidentified,NEW,15585.94,95,5140.72,1172.11
2/11/2017,Unidentified,EXISTING,35874.07,320,14697,3163.94
2/11/2017,Others,EXISTING,18154.43,157,6444.66,3799.61
2/11/2017,Others,NEW,20957.41,313,7184.62,4577.52
2/11/2017,Organic Search,NEW,78654.97,543,27886.4,6377.37
2/11/2017,Brand,NEW,396.76,3,143.81,6597.21
2/11/2017,Organic Search,EXISTING,98928.22,655,35470.03,10256.51
2/11/2017,Branded Search,NEW,40185.95,210,16300.73,10388.41
2/11/2017,Display,NEW,19270.33,123,8060.79,11978.3
2/11/2017,Referral,NEW,59515.2,306,20444.03,13006.78
2/11/2017,Mail,NEW,74938.34,374,27022.97,14262.69
2/11/2017,Direct,NEW,71273.68,439,26887.6,14665.69
2/11/2017,Branded Search,EXISTING,81647.27,550,32891.27,22417.11
2/11/2017,Direct,EXISTING,151776.78,942,58968.2,31062.26
2/11/2017,Display,EXISTING,59162.42,349,24157.86,36900.39
2/11/2017,Referral,EXISTING,167628.89,882,59033.18,39793.34
2/11/2017,Paid Search,NEW,92907.24,720,33725.08,53252.78
2/11/2017,Paid Search,EXISTING,128095.59,886,46167.61,73943.69
2/11/2017,Mail,EXISTING,393827.97,2288,143078.3,82512.82
2/12/2017,Organic Social,NEW,2793.26,26,1066.85,214.94
2/12/2017,Organic Social,EXISTING,3272.54,25,1229.12,246.43
2/12/2017,Brand,EXISTING,52.96,1,37.81,1409.3
2/12/2017,Unidentified,NEW,24894.99,116,9287.42,1943.24
2/12/2017,Unidentified,EXISTING,36554.98,348,14444,3061.04
2/12/2017,Others,EXISTING,19966.53,192,6167.27,4131.34
2/12/2017,Others,NEW,22584.95,349,7333.82,5130.78
2/12/2017,Brand,NEW,231.15,2,107.62,6129.22
2/12/2017,Organic Search,NEW,85888.98,631,30597.79,6465.67
2/12/2017,Branded Search,NEW,42308.91,249,17036.19,9801.71
2/12/2017,Organic Search,EXISTING,119654.62,750,44036.76,13198.04
2/12/2017,Display,NEW,24584.77,169,9650.44,15991.19
2/12/2017,Direct,NEW,95177.12,534,37101.37,16840.57
2/12/2017,Referral,NEW,83785.49,396,28897.37,20243.97
2/12/2017,Branded Search,EXISTING,101709.93,646,40800.89,24517.11
2/12/2017,Mail,NEW,143343.6,672,51396.14,27147.38
2/12/2017,Display,EXISTING,58378.28,406,23717.62,35126.18
2/12/2017,Direct,EXISTING,190368.52,1118,74788.21,35802.91
2/12/2017,Referral,EXISTING,222076.11,1111,78110.95,59551.82
2/12/2017,Paid Search,NEW,123016.48,876,44587.13,63614.98
2/12/2017,Paid Search,EXISTING,153612.46,1059,55631.57,77390.48
2/12/2017,Mail,EXISTING,622533.31,3332,224334.01,134940.02
2/13/2017,Organic Social,EXISTING,3722.43,19,1222.17,173.62
2/13/2017,Organic Social,NEW,2967.81,20,1178.98,277.36
2/13/2017,Unidentified,NEW,28378.4,129,9787.31,2743.91
2/13/2017,Brand,EXISTING,357.27,2,147.64,3272.16
2/13/2017,Others,EXISTING,20636.79,198,6843.45,4278.4
2/13/2017,Brand,NEW,466.74,3,154.66,4341.66
2/13/2017,Unidentified,EXISTING,50294.21,378,20072.28,5026.47
2/13/2017,Others,NEW,22946.69,342,7692.13,5225.57
2/13/2017,Organic Search,NEW,74111.06,519,25976.65,5874.15
2/13/2017,Organic Search,EXISTING,100361.53,642,36266.35,10254.59
2/13/2017,Branded Search,NEW,41302.01,226,16981.61,12547.76
2/13/2017,Referral,NEW,69792.13,338,25052.72,16568.84
2/13/2017,Display,NEW,23279.45,143,9228.94,17133.96
2/13/2017,Direct,NEW,82785.17,442,31431.81,18674.6
2/13/2017,Mail,NEW,142501.59,639,49865.7,26317.22
2/13/2017,Branded Search,EXISTING,90396.44,556,36909.96,27236.83
2/13/2017,Display,EXISTING,62241.79,400,25457.65,35772.2
2/13/2017,Direct,EXISTING,162553.13,923,63088.33,36892.28
2/13/2017,Paid Search,NEW,97478.04,714,35099.19,49581.42
2/13/2017,Referral,EXISTING,186906.55,924,65964.35,52046.22
2/13/2017,Paid Search,EXISTING,132811.92,847,48610.32,67462
2/13/2017,Mail,EXISTING,619488.4,3261,222714.34,144362.77
2/14/2017,Organic Social,NEW,,,,
2/14/2017,Brand,NEW,20.62,1,4.46,169.8
2/14/2017,Organic Social,EXISTING,2981.78,12,1084.76,288.18
2/14/2017,Unidentified,NEW,19865.08,94,6688.65,1518.74
2/14/2017,Organic Search,NEW,53313.64,411,18593.1,3590.48
2/14/2017,Unidentified,EXISTING,34825.79,350,14866.61,3592.21
2/14/2017,Others,EXISTING,18662.81,196,6108.52,3714.21
2/14/2017,Others,NEW,22961.86,350,6976.42,5113.43
2/14/2017,Organic Search,EXISTING,65108.21,483,23809.54,6408.01
2/14/2017,Brand,EXISTING,895.51,4,366.9,7433.86
2/14/2017,Branded Search,NEW,27368.03,167,10488.23,8939.33
2/14/2017,Branded Search,NEW,27368.03,167,10488.23,8939.33
2/14/2017,Referral,NEW,45774.16,243,14810.86,12292.88
2/14/2017,Direct,NEW,57792.34,327,22680.79,16145.67
2/14/2017,Display,NEW,17381.98,131,6424.45,16754.42
2/14/2017,Mail,NEW,93914.96,431,33124.32,18264.34
2/14/2017,Branded Search,EXISTING,69354.83,437,26680.85,24735.1
2/14/2017,Direct,EXISTING,129354.95,779,48081.92,33092.46
2/14/2017,Referral,EXISTING,128717.32,692,43716.22,35815.76
2/14/2017,Display,EXISTING,44132,348,17527.31,38609.75
2/14/2017,Paid Search,NEW,71460.63,528,25386.82,40800.13
2/14/2017,Paid Search,EXISTING,95546.59,670,34770.48,54425.24
2/14/2017,Mail,EXISTING,369457.45,2004,129959.5,82221.71
2/15/2017,Organic Social,NEW,2365.61,18,778.78,153.89
2/15/2017,Organic Social,EXISTING,3772.69,18,1356.57,333.84
2/15/2017,Unidentified,NEW,18298.47,113,6546.72,1315.72
2/15/2017,Brand,NEW,123.11,2,46.19,2080.84
2/15/2017,Unidentified,EXISTING,36974.93,357,15674.85,3304.68
2/15/2017,Others,EXISTING,23064.3,213,7147.78,4622.31
2/15/2017,Organic Search,NEW,63015.11,462,22084.34,4872
2/15/2017,Brand,EXISTING,325.86,3,89.81,5488.01
2/15/2017,Others,NEW,25391.08,380,8244.39,5714.38
2/15/2017,Organic Search,EXISTING,80046.92,559,28031.76,7523.63
2/15/2017,Branded Search,NEW,34369.89,199,14013.75,10114.79
2/15/2017,Referral,NEW,59094.88,305,18649.84,13558.36
2/15/2017,Direct,NEW,70526.65,385,26517.74,16956.16
2/15/2017,Display,NEW,27007.37,166,10512.7,19719.49
2/15/2017,Mail,NEW,106610.84,522,36427.93,20699.29
2/15/2017,Branded Search,EXISTING,86264.5,490,33957.47,27743.86
2/15/2017,Direct,EXISTING,146805.35,914,55253.73,35202.79
2/15/2017,Display,EXISTING,53590.85,362,20537.25,38086.64
2/15/2017,Referral,EXISTING,160525.12,851,55000.16,39561.44
2/15/2017,Paid Search,NEW,85672.24,668,29842.28,47029.64
2/15/2017,Paid Search,EXISTING,118651.6,792,42375.22,65899.99
2/15/2017,Mail,EXISTING,421394.57,2517,150831.37,91433.93
2/16/2017,Organic Social,NEW,1526.51,15,606.66,125.33
2/16/2017,Organic Social,EXISTING,3168.99,18,1083.37,271.67
2/16/2017,Unidentified,NEW,26399.29,132,9110.84,2007.04
2/16/2017,Unidentified,EXISTING,36248.82,302,14364.58,3282.64
2/16/2017,Brand,NEW,603.85,4,188.97,3752.73
2/16/2017,Brand,EXISTING,629.54,5,208.13,3859.99
2/16/2017,Others,EXISTING,21256.25,209,7190.1,4390.35
2/16/2017,Organic Search,NEW,70073.2,462,23253.95,4945.71
2/16/2017,Others,NEW,23723.74,351,7426.72,5549.47
2/16/2017,Organic Search,EXISTING,86527.91,550,29854.42,8080.9
2/16/2017,Branded Search,NEW,35318.95,213,14254.93,9834.76
2/16/2017,Referral,NEW,66721.28,318,21951.05,15223.55
2/16/2017,Display,NEW,22679.87,163,8825.05,17186.12
2/16/2017,Direct,NEW,76578.95,409,29025.75,18611.22
2/16/2017,Mail,NEW,119878.75,517,42327.4,24113.76
2/16/2017,Branded Search,EXISTING,83168.15,550,32019.07,24458.27
2/16/2017,Direct,EXISTING,160160.43,899,62226.99,38558.01
2/16/2017,Referral,EXISTING,176739.28,930,60640.09,43306.61
2/16/2017,Display,EXISTING,64750.89,426,24587.86,45181.83
2/16/2017,Paid Search,NEW,88436.78,679,30399.58,47412.38
2/16/2017,Paid Search,EXISTING,126444.38,856,44934.94,68979.15
2/16/2017,Mail,EXISTING,367445.59,2017,129454.71,71702.53
2/17/2017,Organic Social,EXISTING,1268.77,13,443.07,110.19
2/17/2017,Organic Social,NEW,1690.87,14,518.29,124.4
2/17/2017,Unidentified,NEW,20167.51,98,5910.07,1697.42
2/17/2017,Brand,NEW,166.26,3,60.53,2938.18
2/17/2017,Unidentified,EXISTING,35710.24,301,13903.93,3323.64
2/17/2017,Others,EXISTING,17935.13,187,5992.62,3675.62
2/17/2017,Brand,EXISTING,261.08,4,-2.56,4607.97
2/17/2017,Organic Search,NEW,68875.45,452,22637.62,5129
2/17/2017,Others,NEW,23298.93,359,7637.42,5433.44
2/17/2017,Organic Search,EXISTING,72483.91,528,25221.3,7345.04
2/17/2017,Branded Search,NEW,35755.31,212,14707.5,10960.13
2/17/2017,Direct,NEW,69677.68,395,25035.92,16162.75
2/17/2017,Referral,NEW,61978.45,310,20035.33,16506.89
2/17/2017,Mail,NEW,112334.15,542,38829.94,19921.66
2/17/2017,Display,NEW,26953.26,171,10004.52,24737.27
2/17/2017,Branded Search,EXISTING,80194.84,533,32998.18,25402.28
2/17/2017,Direct,EXISTING,155968.88,896,59478.56,39227.04
2/17/2017,Referral,EXISTING,147381.47,790,49606.25,40711.31
2/17/2017,Paid Search,NEW,88852.58,671,30079.74,56143.03
2/17/2017,Display,EXISTING,62413.48,429,24399.94,57542.67
2/17/2017,Paid Search,EXISTING,113996.09,801,40918.96,71114.67
2/17/2017,Mail,EXISTING,536674.56,3026,185787.92,116533.51
2/18/2017,Organic Social,NEW,2137.64,18,627.6,152.32
2/18/2017,Organic Social,EXISTING,2776.64,18,916.51,226.75
2/18/2017,Unidentified,NEW,23144.1,110,6914.64,1541.67
2/18/2017,Brand,EXISTING,230.37,4,87.21,2043.44
2/18/2017,Unidentified,EXISTING,41718.93,343,15411.04,3803.77
2/18/2017,Others,EXISTING,19410.56,206,6653.1,4194.56
2/18/2017,Brand,NEW,607.27,6,219.24,5561.41
2/18/2017,Others,NEW,23796.57,341,7665.56,5583.72
2/18/2017,Organic Search,NEW,76718.65,517,26246.19,6323.7
2/18/2017,Organic Search,EXISTING,96433.41,632,33384.03,9424.34
2/18/2017,Branded Search,NEW,38022.25,216,15586.68,11148.76
2/18/2017,Direct,NEW,76754.56,407,29223.9,17747.38
2/18/2017,Display,NEW,26543.83,167,9909.62,21826.69
2/18/2017,Mail,NEW,136115.88,634,47286.15,24951.29
2/18/2017,Referral,NEW,96896,438,32597.82,26801.28
2/18/2017,Branded Search,EXISTING,92553.11,591,38303.9,28908.15
2/18/2017,Direct,EXISTING,164854.94,984,63199.02,38906.85
2/18/2017,Referral,EXISTING,162575.59,872,54610.64,40625.34
2/18/2017,Display,EXISTING,64530.19,410,24323.15,46602.35
2/18/2017,Paid Search,NEW,116076.92,840,41068.1,71524.43
2/18/2017,Paid Search,EXISTING,149511.96,969,53627.3,87991.79
2/18/2017,Mail,EXISTING,478114.57,2699,168108.94,103064.25
2/19/2017,Organic Social,NEW,2432.24,19,896.92,192.6
2/19/2017,Organic Social,EXISTING,3146.39,20,1087.22,220.27
2/19/2017,Brand,NEW,275.51,3,111.6,1120.97
2/19/2017,Unidentified,NEW,25279.6,128,8398.71,2469.85
2/19/2017,Others,EXISTING,19645.79,215,6750.56,4385.13
2/19/2017,Unidentified,EXISTING,45142.54,325,17598.82,4477.27
2/19/2017,Others,NEW,25946.01,349,8703.77,6231.17
2/19/2017,Brand,EXISTING,1601.96,6,575.78,6544.51
2/19/2017,Organic Search,NEW,94230.31,599,32822.06,8025.08
2/19/2017,Organic Search,EXISTING,118552.65,741,40707.53,12008.09
2/19/2017,Branded Search,NEW,53458.88,286,22236.64,13894.34
2/19/2017,Direct,NEW,104488,564,40980.39,23509.42
2/19/2017,Display,NEW,32157.88,193,12075.17,24236.6
2/19/2017,Branded Search,EXISTING,102503.14,646,41624.61,27788.82
2/19/2017,Referral,NEW,127103.77,594,42441.1,31075.3
2/19/2017,Mail,NEW,211597.34,913,73600.46,41579.41
2/19/2017,Direct,EXISTING,203961.52,1155,80095.92,43626.54
2/19/2017,Display,EXISTING,73050.03,454,27504.5,51986.57
2/19/2017,Referral,EXISTING,248195.46,1240,84937.36,54065.41
2/19/2017,Paid Search,NEW,143541.46,1015,50251.7,79644.97
2/19/2017,Paid Search,EXISTING,176090.24,1192,63111.53,97386.01
2/19/2017,Mail,EXISTING,746901.72,3932,264931.01,169315.25
2/20/2017,Organic Social,NEW,2742.97,24,963,161.27
2/20/2017,Organic Social,EXISTING,6299.58,30,2246.96,841.54
2/20/2017,Unidentified,NEW,38678.31,168,12827.15,3163.34
2/20/2017,Brand,EXISTING,691.06,5,192.59,3686.34
2/20/2017,Brand,NEW,735.9,5,280.42,3960.62
2/20/2017,Others,EXISTING,22335.88,254,7590.92,5169.2
2/20/2017,Unidentified,EXISTING,63276.02,420,22953.38,6387.24
2/20/2017,Others,NEW,30009.55,448,10604.07,7591.01
2/20/2017,Organic Search,NEW,138706.86,808,46342.69,13231.01
2/20/2017,Organic Search,EXISTING,158144.61,933,55089.37,18162.61
2/20/2017,Branded Search,NEW,81788.56,393,35177.48,19637.04
2/20/2017,Display,NEW,50855.77,298,19744,32580.79
2/20/2017,Direct,NEW,160647.77,755,65310.59,33199.41
2/20/2017,Branded Search,EXISTING,147074.27,821,61953.58,36040.15
2/20/2017,Referral,NEW,201494.4,801,66706.6,46444.58
2/20/2017,Direct,EXISTING,282171.96,1427,112470.51,60148.71
2/20/2017,Referral,EXISTING,327351.7,1529,110920.93,65799.43
2/20/2017,Display,EXISTING,106923.55,690,40535.38,68588.53
2/20/2017,Mail,NEW,370943.1,1489,129288.45,79533.27
2/20/2017,Paid Search,NEW,189891.72,1236,67009.1,94785.82
2/20/2017,Paid Search,EXISTING,241419.3,1427,84965.02,117633.33
2/20/2017,Mail,EXISTING,1428649.93,6867,506010.31,357330.93
2/21/2017,Organic Social,NEW,,,,
2/21/2017,Organic Social,EXISTING,1643.33,15,698.55,144.72
2/21/2017,Brand,NEW,140.62,3,67.35,2097.58
2/21/2017,Unidentified,NEW,27660.89,129,9032.46,2642.92
2/21/2017,Others,EXISTING,17485.2,191,5501.22,3443.23
2/21/2017,Unidentified,EXISTING,37152.61,281,13655.85,3968.81
2/21/2017,Organic Search,NEW,65469.25,470,22271.83,5312.27
2/21/2017,Others,NEW,24179.67,333,7804.94,5429.06
2/21/2017,Brand,EXISTING,375.83,4,102.75,5481.81
2/21/2017,Branded Search,NEW,29130.85,204,11323.1,8120.75
2/21/2017,Organic Search,EXISTING,93460.33,628,33222.55,10684.22
2/21/2017,Referral,NEW,68795.88,344,23440.82,14826.08
2/21/2017,Display,NEW,21743.87,141,7939.89,16657.5
2/21/2017,Direct,NEW,77566.62,402,30381.81,19220.97
2/21/2017,Branded Search,EXISTING,82166.16,537,34648,24281.78
2/21/2017,Mail,NEW,134173.07,626,46511.08,25609.35
2/21/2017,Referral,EXISTING,159842.16,818,55200.67,35953.58
2/21/2017,Direct,EXISTING,148752.14,899,58684.98,36115.32
2/21/2017,Display,EXISTING,58270.22,370,22161.33,53863.69
2/21/2017,Paid Search,NEW,106947.69,804,36757.95,73281.76
2/21/2017,Paid Search,EXISTING,131509.11,946,46644.49,89807.15
2/21/2017,Mail,EXISTING,513350.54,2736,181925.41,118802.32
2/22/2017,Organic Social,NEW,,,,
2/22/2017,Organic Social,EXISTING,4457.02,20,1533.75,381.29
2/22/2017,Unidentified,NEW,26431.78,135,8884.08,2245.55
2/22/2017,Brand,NEW,380.59,3,95.86,2298.75
2/22/2017,Unidentified,EXISTING,41475,315,14860.11,3658.51
2/22/2017,Others,EXISTING,19980.05,227,6296.92,4454.79
2/22/2017,Organic Search,NEW,70444.52,499,24159.08,4540.62
2/22/2017,Brand,EXISTING,901.84,4,348.42,5315.58
2/22/2017,Organic Search,EXISTING,87199.87,611,30089.11,7643.57
2/22/2017,Others,NEW,33925.62,496,10803.16,8288.6
2/22/2017,Branded Search,NEW,43724.59,245,17974.15,10942.36
2/22/2017,Display,NEW,31551.83,175,12519.9,18706.83
2/22/2017,Direct,NEW,93251.66,469,35942.92,19994.73
2/22/2017,Referral,NEW,96017.06,430,32421.34,22368.47
2/22/2017,Branded Search,EXISTING,93272.39,581,37367.12,24269.53
2/22/2017,Mail,NEW,154059.97,716,53455.15,28932.39
2/22/2017,Direct,EXISTING,162430.12,968,65544.86,34312.49
2/22/2017,Referral,EXISTING,173823.34,899,58038.41,36730.58
2/22/2017,Referral,EXISTING,173823.34,899,58038.41,36730.58
2/22/2017,Display,EXISTING,56542.06,425,22120.16,39899.3
2/22/2017,Paid Search,NEW,130290.3,922,43704.36,72665.66
2/22/2017,Paid Search,EXISTING,142206.56,998,50671.23,79370.54
2/22/2017,Mail,EXISTING,616557.55,3612,217886.07,134543.9
2/23/2017,Organic Social,EXISTING,,,,
2/23/2017,Organic Social,NEW,1865.76,15,621.76,136.47
2/23/2017,Brand,EXISTING,198.7,2,78.98,3467.24
2/23/2017,Unidentified,NEW,38829.19,154,11726.08,3839.99
2/23/2017,Unidentified,EXISTING,45274.7,306,16639.49,3951.99
2/23/2017,Brand,NEW,224.34,1,47.4,4090.36
2/23/2017,Others,EXISTING,27096.33,249,8339.46,5547.46
2/23/2017,Organic Search,NEW,89224.52,593,29431.1,6195.67
2/23/2017,Others,NEW,44967.81,609,13924.62,10847.18
2/23/2017,Organic Search,EXISTING,104828,658,36928.69,11640.81
2/23/2017,Branded Search,NEW,57637.27,310,23837.02,12886.89
2/23/2017,Display,NEW,36653.58,212,15077.35,20989.63
2/23/2017,Direct,NEW,114993.54,578,43790.03,21384.49
2/23/2017,Branded Search,EXISTING,103135.03,619,43027.04,24194.36
2/23/2017,Referral,NEW,145097.28,548,46658.37,35231.29
2/23/2017,Mail,NEW,189035.04,836,65095.38,35512.1
2/23/2017,Direct,EXISTING,181061.36,1071,72325.63,35624.23
2/23/2017,Referral,EXISTING,189310.61,974,64735.32,37775.19
2/23/2017,Display,EXISTING,69752.28,477,26009.5,44168.5
2/23/2017,Paid Search,NEW,141396.26,1015,48668.19,69476.42
2/23/2017,Paid Search,EXISTING,151209.5,1022,53491.7,75091.96
2/23/2017,Mail,EXISTING,708872.94,3850,253314.38,161342.02
2/24/2017,Organic Social,NEW,2367.18,21,871.24,156.12
2/24/2017,Organic Social,EXISTING,10701.81,16,3158.68,1475.59
2/24/2017,Unidentified,NEW,27914.79,136,9132.2,2777.58
2/24/2017,Brand,EXISTING,243.17,2,101.46,3069.86
2/24/2017,Brand,NEW,255.23,4,90.7,3306.77
2/24/2017,Unidentified,EXISTING,40627.6,281,14834.42,4132.84
2/24/2017,Others,EXISTING,23276.63,228,7505.44,4990.72
2/24/2017,Organic Search,NEW,64547.56,465,21792.45,5630.33
2/24/2017,Organic Search,EXISTING,74950.91,543,26365.42,8193.86
2/24/2017,Others,NEW,33973.8,506,10541.31,8234.12
2/24/2017,Branded Search,NEW,40840.25,234,13876.19,10342.65
2/24/2017,Direct,NEW,71403.11,391,26041.79,17106.95
2/24/2017,Display,NEW,25311.52,166,8727.11,20778.72
2/24/2017,Referral,NEW,89815.77,413,29270.78,24427.98
2/24/2017,Mail,NEW,134522.11,613,47441.49,25629.19
2/24/2017,Branded Search,EXISTING,96795.14,576,35154.67,27780.73
2/24/2017,Direct,EXISTING,144753.39,875,55283.2,32279.69
2/24/2017,Referral,EXISTING,149299.02,803,50809.19,35841.63
2/24/2017,Display,EXISTING,59890.05,398,21544.13,43978.4
2/24/2017,Paid Search,NEW,106559.19,811,36145.36,65021.8
2/24/2017,Paid Search,EXISTING,120201.32,856,42677.28,73530.97
2/24/2017,Mail,EXISTING,511965.31,2829,179279.71,109812.07
2/25/2017,Organic Social,NEW,1972.83,17,694.08,164.84
2/25/2017,Organic Social,EXISTING,2791.58,20,1061.3,216.45
2/25/2017,Unidentified,NEW,16389.29,114,5351.34,1192.95
2/25/2017,Brand,NEW,92.01,1,19.16,2105.14
2/25/2017,Unidentified,EXISTING,40935.36,301,14692.07,4127.47
2/25/2017,Brand,EXISTING,185.77,2,79.67,4259.03
2/25/2017,Others,EXISTING,20608.38,250,7076.38,4705.63
2/25/2017,Organic Search,NEW,76688.59,532,26163.1,6642.66
2/25/2017,Organic Search,EXISTING,90283.28,620,30468.58,9366.7
2/25/2017,Others,NEW,39127.94,545,12753.2,9665.16
2/25/2017,Branded Search,NEW,39671.94,243,14636.54,11383.68
2/25/2017,Display,NEW,21365.36,152,7212.96,17178.1
2/25/2017,Direct,NEW,83784.21,494,30721.09,18961.76
2/25/2017,Mail,NEW,107781.06,560,37728.47,20513.49
2/25/2017,Branded Search,EXISTING,86915.69,604,31847.17,25851.66
2/25/2017,Referral,NEW,104447.36,463,35253.28,28216.6
2/25/2017,Direct,EXISTING,152461.38,992,54831.24,34685.35
2/25/2017,Referral,EXISTING,158625.52,899,54344.55,37170.35
2/25/2017,Display,EXISTING,57364.94,408,20086.21,42979.23
2/25/2017,Paid Search,NEW,139516.23,994,47289.67,76925.39
2/25/2017,Mail,EXISTING,398450.41,2209,140605.9,79222.47
2/25/2017,Paid Search,EXISTING,163104.9,1059,57857.46,89719.01
2/26/2017,Organic Social,NEW,2992.6,21,909.92,148.35
2/26/2017,Organic Social,EXISTING,5395.44,26,2010.85,521.64
2/26/2017,Unidentified,NEW,22991.12,139,7592.25,1884.25
2/26/2017,Brand,NEW,198.77,2,86.08,2852.04
2/26/2017,Brand,EXISTING,246.48,4,87.8,3526.03
2/26/2017,Unidentified,EXISTING,44479.68,327,16105.24,4437.38
2/26/2017,Others,EXISTING,28121.73,277,8874.06,6473.82
2/26/2017,Organic Search,NEW,87318.82,628,30022.13,7732.24
2/26/2017,Others,NEW,43203.49,596,13663.76,10690.76
2/26/2017,Organic Search,EXISTING,106123.26,715,36819.33,11214.04
2/26/2017,Branded Search,NEW,59828.81,320,22916.5,15006.41
2/26/2017,Display,NEW,26044.69,172,9251,18236.6
2/26/2017,Direct,NEW,103509.76,564,38001.51,19882.54
2/26/2017,Branded Search,EXISTING,103534.56,676,38209.05,26097.82
2/26/2017,Mail,NEW,164215.23,773,58782.9,31719.04
2/26/2017,Referral,NEW,121000.93,557,40954.66,32952.22
2/26/2017,Direct,EXISTING,207317.3,1157,77332.47,40298.67
2/26/2017,Display,EXISTING,69863.79,451,24371.49,45529.23
2/26/2017,Referral,EXISTING,203547.47,1038,69162.88,45893.21
2/26/2017,Paid Search,NEW,163001.36,1161,56807.44,88515.19
2/26/2017,Paid Search,EXISTING,190379.38,1295,67868.02,102583.31
2/26/2017,Mail,EXISTING,653708.05,3521,230560.39,152046.69
2/27/2017,Organic Social,NEW,3747,21,1250.06,257.27
2/27/2017,Organic Social,EXISTING,4283.63,23,1729.18,329.75
2/27/2017,Brand,NEW,390.95,5,147.1,2654.06
2/27/2017,Unidentified,NEW,29308.83,155,9842.92,2958.33
2/27/2017,Brand,EXISTING,555.2,6,216.99,3752.87
2/27/2017,Unidentified,EXISTING,47071.48,317,16932.47,5822.54
2/27/2017,Others,EXISTING,27939.34,257,9502.97,6294.3
2/27/2017,Organic Search,NEW,84645.24,573,28479.45,7175.06
2/27/2017,Branded Search,NEW,48412.74,264,17657.69,10316.19
2/27/2017,Others,NEW,40858.02,547,13092.21,10440.23
2/27/2017,Organic Search,EXISTING,108472.52,680,36951.6,12747.52
2/27/2017,Direct,NEW,92661.42,513,34490.02,17978.83
2/27/2017,Display,NEW,32493.53,184,11182.74,20629.4
2/27/2017,Branded Search,EXISTING,100248.71,626,37662.42,22416.52
2/27/2017,Referral,NEW,115493.98,539,39022.71,29300.19
2/27/2017,Direct,EXISTING,180872.22,1058,66296.37,30638.9
2/27/2017,Mail,NEW,161385.69,773,55551.69,31444.08
2/27/2017,Referral,EXISTING,195832.56,960,67046.91,41239.38
2/27/2017,Display,EXISTING,58187.92,393,20617.31,47475.64
2/27/2017,Paid Search,NEW,139895,1039,47122.62,75055.23
2/27/2017,Paid Search,EXISTING,186658.23,1212,67145.19,99531.64
2/27/2017,Mail,EXISTING,606444.62,3216,209794.88,137633.11
2/28/2017,Organic Social,EXISTING,1855.64,14,623.29,121.06
2/28/2017,Organic Social,NEW,3511.06,19,1314.52,149.4
2/28/2017,Unidentified,NEW,28585.16,122,9796.5,2545.05
2/28/2017,Brand,NEW,144.14,2,33.74,3027.04
2/28/2017,Unidentified,EXISTING,38648.56,315,14285.84,3211.21
2/28/2017,Brand,EXISTING,157.73,2,80.06,3325.83
2/28/2017,Organic Search,NEW,71823.46,492,23955.98,5338.37
2/28/2017,Others,EXISTING,26450.64,239,8391.37,5492.94
2/28/2017,Organic Search,EXISTING,84424.05,588,29644.43,7979.34
2/28/2017,Branded Search,NEW,39955.36,238,15475.06,9256.03
2/28/2017,Others,NEW,40950.55,517,12757.06,9635.82
2/28/2017,Direct,NEW,79086.53,430,30554.49,14675.73
2/28/2017,Referral,NEW,76302.12,363,24699.57,15552.5
2/28/2017,Display,NEW,23224.77,162,7962.54,19622.12
2/28/2017,Branded Search,EXISTING,84950.59,548,31231.3,19679.1
2/28/2017,Mail,NEW,115296.28,572,39706.05,22124.7
2/28/2017,Direct,EXISTING,157025.76,954,59028.07,29525.76
2/28/2017,Referral,EXISTING,148596.99,807,49578.51,31812.63
2/28/2017,Display,EXISTING,56274.23,386,19679.11,50465.15
2/28/2017,Paid Search,NEW,113549.47,901,38783.52,68788.73
2/28/2017,Paid Search,EXISTING,138498.61,964,49162.37,81716.09
2/28/2017,Mail,EXISTING,405435.87,2263,137377.05,85771.19
3/1/2017,Organic Social,NEW,2057.94,17,774.46,199.44
3/1/2017,Organic Social,EXISTING,2041.76,16,709.52,242.2
3/1/2017,Brand,NEW,85.41,1,19.05,2363.2
3/1/2017,Unidentified,NEW,26937.3,131,8928.61,2897.06
3/1/2017,Unidentified,EXISTING,39077.2,314,15123.07,3337.23
3/1/2017,Others,EXISTING,22912.67,238,7620.64,5446.05
3/1/2017,Organic Search,NEW,73412.91,530,25783.62,5505.98
3/1/2017,Brand,EXISTING,198.47,2,83.06,5506.32
3/1/2017,Organic Search,EXISTING,83539.88,595,29687.95,8645.85
3/1/2017,Branded Search,NEW,44586.31,250,18209.95,8893.5
3/1/2017,Others,NEW,38028.42,567,11592.39,9318.38
3/1/2017,Referral,NEW,65279.13,356,21226.34,13094.55
3/1/2017,Direct,NEW,91684.84,496,33189.77,14742.05
3/1/2017,Branded Search,EXISTING,93306.61,581,35192.92,19052.45
3/1/2017,Display,NEW,29318.55,193,10663.89,22999.71
3/1/2017,Direct,EXISTING,156156.88,950,56961.03,26131.08
3/1/2017,Mail,NEW,155722.76,735,55480.74,31362.42
3/1/2017,Referral,EXISTING,165907.02,869,57632.1,35614.49
3/1/2017,Display,EXISTING,62835.03,429,22511.86,45831.62
3/1/2017,Paid Search,NEW,118898.75,929,41659.27,67549.14
3/1/2017,Paid Search,EXISTING,145820.49,1043,52149.23,82346.61
3/1/2017,Mail,EXISTING,672684.21,3581,236436.02,157485.8
3/2/2017,Organic Social,NEW,6714.4,46,1002.2,191.62
3/2/2017,Organic Social,EXISTING,3171.63,26,953.74,314.29
3/2/2017,Brand,NEW,98.65,1,22.45,1736.65
3/2/2017,Unidentified,NEW,38443.37,192,12000.95,3005.19
3/2/2017,Others,EXISTING,22868.59,221,7623.09,5089.93
3/2/2017,Unidentified,EXISTING,44639.63,339,17153.67,5108.59
3/2/2017,Organic Search,NEW,73030.31,541,25746.64,5822.63
3/2/2017,Brand,EXISTING,346.94,2,94.31,6141.62
3/2/2017,Organic Search,EXISTING,91709.86,598,31915.54,9115.41
3/2/2017,Branded Search,NEW,49884.35,257,16900.37,9295.44
3/2/2017,Others,NEW,38171.17,527,12285.09,9302.15
3/2/2017,Direct,NEW,89714.29,507,32890.42,14152.74
3/2/2017,Referral,NEW,79344.15,377,27183.15,14657.18
3/2/2017,Display,NEW,26946.3,187,9463.69,20272.67
3/2/2017,Branded Search,EXISTING,101578.38,605,37229.57,21275.2
3/2/2017,Mail,NEW,143632.72,719,51311.1,27466.38
3/2/2017,Direct,EXISTING,175058.81,1015,67230.51,27924.33
3/2/2017,Referral,EXISTING,184576.38,887,62649.07,38017.61
3/2/2017,Display,EXISTING,64721.1,432,24206.67,45399.87
3/2/2017,Paid Search,NEW,126248.45,980,43436.1,66346.29
3/2/2017,Paid Search,EXISTING,163982.68,1085,57470.88,85309.27
3/2/2017,Mail,EXISTING,474667.95,2536,167836.72,97492.86
3/3/2017,Organic Social,EXISTING,1668.49,11,608.85,118.42
3/3/2017,Organic Social,NEW,2353.61,22,962.97,238.23
3/3/2017,Unidentified,NEW,17572.24,114,5802.04,847.83
3/3/2017,Brand,EXISTING,99.3,2,41.39,2355.88
3/3/2017,Others,EXISTING,18552.76,206,6075.57,3662.74
3/3/2017,Unidentified,EXISTING,35052.41,296,13554.06,3688.3
3/3/2017,Organic Search,NEW,53486.39,429,18715.83,4791.55
3/3/2017,Brand,NEW,234.28,2,74.64,5514.23
3/3/2017,Others,NEW,29250.94,462,9372.94,6659.63
3/3/2017,Branded Search,NEW,35309.77,212,11437.12,7165.7
3/3/2017,Organic Search,EXISTING,74603.77,533,26022.08,8056.49
3/3/2017,Referral,NEW,50113.05,274,16547.11,10561.52
3/3/2017,Direct,NEW,71278.42,409,24723.67,12980.12
3/3/2017,Branded Search,EXISTING,73035.04,524,26925.1,17852.38
3/3/2017,Display,NEW,22133.63,159,8197.61,18320.74
3/3/2017,Mail,NEW,111257.27,586,38049.68,22989.9
3/3/2017,Direct,EXISTING,125110.68,849,45210.38,23507.16
3/3/2017,Referral,EXISTING,136414.11,750,46230.86,33162.81
3/3/2017,Display,EXISTING,50276.56,373,18721.07,41628.79
3/3/2017,Paid Search,NEW,95282.78,790,32772.48,62987.48
3/3/2017,Paid Search,EXISTING,109575.29,847,38452.41,72455.06
3/3/2017,Mail,EXISTING,462992.67,2937,162771.81,106663.57
3/4/2017,Organic Social,EXISTING,2418.02,11,932.28,225.62
3/4/2017,Organic Social,NEW,3136.67,23,1211.76,235.05
3/4/2017,Unidentified,NEW,18603.57,107,5971.81,1803.56
3/4/2017,Brand,NEW,54.43,1,33.12,1873.84
3/4/2017,Unidentified,EXISTING,39994.45,823,23795.42,2783.22
3/4/2017,Others,EXISTING,19272.78,227,6697.69,4231.91
3/4/2017,Organic Search,NEW,68482.25,512,23808.6,5234.67
3/4/2017,Brand,EXISTING,174.48,3,67.1,5985.61
3/4/2017,Branded Search,NEW,37991.98,222,13157.44,7634.11
3/4/2017,Others,NEW,34962.4,496,11066.56,8118.45
3/4/2017,Organic Search,EXISTING,89142.86,614,31893.47,8971.5
3/4/2017,Direct,NEW,67557.59,422,23722.14,12284.38
3/4/2017,Referral,NEW,60278.14,320,19387.5,13732.63
3/4/2017,Branded Search,EXISTING,85019.57,571,30734.06,19171.61
3/4/2017,Mail,NEW,108290.72,537,37632.4,23864.77
3/4/2017,Direct,EXISTING,146784.71,957,52520.72,25016.48
3/4/2017,Display,NEW,21926.22,153,7934.62,25258.68
3/4/2017,Referral,EXISTING,139066.09,795,48098.1,33687.8
3/4/2017,Display,EXISTING,46052.64,363,17001.01,42847.75
3/4/2017,Paid Search,NEW,105440.01,909,36387.69,67358.37
3/4/2017,Paid Search,EXISTING,139210.41,1049,49703.62,87706.55
3/4/2017,Mail,EXISTING,442929.15,2506,154236.32,108865.71
3/5/2017,Organic Social,EXISTING,2546.39,19,913.19,128.46
3/5/2017,Organic Social,NEW,2255.53,18,804.62,259.42
3/5/2017,Brand,NEW,136.1,2,50.52,808.19
3/5/2017,Unidentified,NEW,19392.79,118,6171.14,1098.93
3/5/2017,Unidentified,EXISTING,40272.71,462,17796.36,2549.91
3/5/2017,Others,EXISTING,23221.89,271,7855.05,5310
3/5/2017,Organic Search,NEW,83953.14,631,29497.63,6505.31
3/5/2017,Brand,EXISTING,1185.96,3,439.78,7042.71
3/5/2017,Branded Search,NEW,46501.98,289,16738.11,8525.88
3/5/2017,Branded Search,NEW,46501.98,289,16738.11,8525.88
3/5/2017,Others,NEW,38157.73,573,12786.6,9263
3/5/2017,Organic Search,EXISTING,104087.72,746,37014.05,11152.86
3/5/2017,Direct,NEW,77077.33,473,27036.38,12472.01
3/5/2017,Referral,NEW,83848.27,451,27801.76,18940.27
3/5/2017,Display,NEW,25109.41,172,8658,19259.63
3/5/2017,Branded Search,EXISTING,101194.31,675,37689.98,20841.75
3/5/2017,Direct,EXISTING,179394.11,1118,64237.69,27742.77
3/5/2017,Mail,NEW,147306.95,729,49024.24,31647.73
3/5/2017,Referral,EXISTING,189148.51,1051,64620.41,43338.57
3/5/2017,Display,EXISTING,57229.09,425,20833.54,47467.73
3/5/2017,Paid Search,NEW,153406.32,1207,52908.54,88199.89
3/5/2017,Paid Search,EXISTING,174139.99,1295,61580.4,100895.52
3/5/2017,Mail,EXISTING,635208.47,3599,217573.15,159079.52
3/6/2017,Organic Social,EXISTING,3078.05,18,1105.49,150.09
3/6/2017,Organic Social,NEW,1978.76,19,656.45,200.44
3/6/2017,Unidentified,NEW,22117.98,145,7247.97,2058.21
3/6/2017,Brand,NEW,191.71,1,64.44,3516.06
3/6/2017,Unidentified,EXISTING,38711.08,331,15139.01,3758.32
3/6/2017,Brand,EXISTING,235.98,3,103.24,4343.46
3/6/2017,Organic Search,NEW,70623.8,535,23955.13,4952.36
3/6/2017,Others,EXISTING,27762.93,293,9521.38,6582.27
3/6/2017,Branded Search,NEW,38298.34,217,13145.08,6812.51
3/6/2017,Organic Search,EXISTING,90605.72,620,31110.01,9566.08
3/6/2017,Others,NEW,41728.54,595,14167.61,11010.78
3/6/2017,Direct,NEW,79773.2,470,28103.9,12875.29
3/6/2017,Referral,NEW,75337.43,401,25388.98,17180.88
3/6/2017,Branded Search,EXISTING,86563.26,596,32454.44,17266.64
3/6/2017,Display,NEW,27384.4,178,9944.36,20860.93
3/6/2017,Direct,EXISTING,162902.66,990,57127.12,26573.92
3/6/2017,Mail,NEW,141478.73,743,48377.06,32401.83
3/6/2017,Referral,EXISTING,178179.62,931,60289.87,40905.79
3/6/2017,Display,EXISTING,57460.94,425,20843.28,48369.6
3/6/2017,Paid Search,NEW,124814.04,997,43979.2,71577.62
3/6/2017,Paid Search,EXISTING,152226.58,1104,53609.62,86865.22
3/6/2017,Mail,EXISTING,624265.47,3397,215187.74,156645.89
3/7/2017,Organic Social,EXISTING,1397.84,10,595.58,114.14
3/7/2017,Organic Social,NEW,3188.37,17,888.15,121.81
3/7/2017,Unidentified,NEW,18694.63,109,6096.42,1274.96
3/7/2017,Unidentified,EXISTING,31836.28,336,13366.55,2482.87
3/7/2017,Brand,NEW,36.95,1,10.86,3188.12
3/7/2017,Others,EXISTING,19976.41,211,6938.68,4212.47
3/7/2017,Brand,EXISTING,53.94,2,0.75,4653.85
3/7/2017,Organic Search,NEW,59681.42,458,20303.59,4657.3
3/7/2017,Branded Search,NEW,36517.81,222,12646.49,7129.18
3/7/2017,Others,NEW,34409.71,482,11719.4,7985.55
3/7/2017,Organic Search,EXISTING,76023.37,559,27333.73,8345.85
3/7/2017,Direct,NEW,70014.28,403,24230.94,11421.13
3/7/2017,Branded Search,EXISTING,71744.36,508,25747.41,14479.52
3/7/2017,Display,NEW,18593.87,137,6772.34,15441.35
3/7/2017,Referral,NEW,75583.13,358,24052.98,18369.74
3/7/2017,Mail,NEW,95146.55,475,31847.32,22533.27
3/7/2017,Direct,EXISTING,137709.5,842,48055.08,22577.31
3/7/2017,Referral,EXISTING,136605.77,772,47398.55,35208.1
3/7/2017,Display,EXISTING,47255.59,338,17027.63,46399.2
3/7/2017,Paid Search,NEW,100846.24,861,34033.06,63169.53
3/7/2017,Paid Search,EXISTING,118259.23,899,41386.4,71798.78
3/7/2017,Mail,EXISTING,451087.85,2558,154315.47,111857.2
3/8/2017,Organic Social,NEW,,,,
3/8/2017,Organic Social,EXISTING,1711.22,11,599.88,111
3/8/2017,Brand,EXISTING,73.26,2,28.44,1294.33
3/8/2017,Unidentified,NEW,23064.52,132,7716.98,2265.3
3/8/2017,Unidentified,EXISTING,35353.48,340,14316.82,3380.58
3/8/2017,Organic Search,NEW,56466.38,471,19220.2,3758.72
3/8/2017,Others,EXISTING,18167.64,216,6057.78,3924.35
3/8/2017,Brand,NEW,370.73,2,112.83,6562.13
3/8/2017,Branded Search,NEW,34632.56,228,12392.58,6677.68
3/8/2017,Others,NEW,30965.1,455,10149.87,7318.53
3/8/2017,Organic Search,EXISTING,72204.12,538,24940.39,8057.54
3/8/2017,Direct,NEW,63274.24,367,22908.05,10406.14
3/8/2017,Display,NEW,18381.48,129,6699.7,14195.53
3/8/2017,Referral,NEW,62373.97,324,20481.74,14698.91
3/8/2017,Branded Search,EXISTING,71666.51,517,24890.08,14951.76
3/8/2017,Direct,EXISTING,128852.54,853,44681.03,21323.85
3/8/2017,Mail,NEW,113586.89,536,37463.82,25428.29
3/8/2017,Display,EXISTING,46200.53,302,16378.7,34310.81
3/8/2017,Referral,EXISTING,155544.92,839,51722.91,39595.07
3/8/2017,Paid Search,NEW,102685.73,869,34305.55,63009.63
3/8/2017,Paid Search,EXISTING,114806.84,891,40215.43,69637.18
3/8/2017,Mail,EXISTING,447478.18,2782,157047.63,115011.64
3/9/2017,Organic Social,NEW,,,,
3/9/2017,Organic Social,EXISTING,2625.08,15,826.56,219.98
3/9/2017,Unidentified,NEW,22011.87,123,7339.38,1750.05
3/9/2017,Brand,EXISTING,185.61,2,26.2,2957.61
3/9/2017,Unidentified,EXISTING,36098.85,325,14146.67,2963.08
3/9/2017,Others,EXISTING,20174.42,201,6617.94,4143.09
3/9/2017,Organic Search,NEW,61329.33,459,20602.47,4326.67
3/9/2017,Brand,NEW,307.52,4,93.6,4900.22
3/9/2017,Branded Search,NEW,33872.26,202,11342.6,6827.61
3/9/2017,Others,NEW,31258.19,453,10076.8,7108.99
3/9/2017,Organic Search,EXISTING,71582.32,517,23839.11,7394.28
3/9/2017,Display,NEW,17385.26,108,5771.01,10860.34
3/9/2017,Direct,NEW,65690.07,367,23617.69,11330.49
3/9/2017,Referral,NEW,61125.78,310,20022.62,14631.48
3/9/2017,Branded Search,EXISTING,73925.43,538,25521.22,15140.42
3/9/2017,Mail,NEW,87872.08,473,30257.47,18205.75
3/9/2017,Direct,EXISTING,130323.74,835,44221.47,22737.64
3/9/2017,Display,EXISTING,39692.19,292,14282.46,27378.15
3/9/2017,Referral,EXISTING,152360.34,866,50843.37,40454.57
3/9/2017,Paid Search,NEW,93128.27,810,30436.57,57031.95
3/9/2017,Paid Search,EXISTING,117742.95,880,39715.28,71447.28
3/9/2017,Mail,EXISTING,362399.45,2099,124198.02,80275.24
3/10/2017,Organic Social,NEW,1642.9,16,631.85,133.87
3/10/2017,Organic Social,EXISTING,3587.97,19,1278.48,384.08
3/10/2017,Unidentified,NEW,23848.83,151,7531.37,2219.1
3/10/2017,Brand,EXISTING,105.1,1,37.7,3390.13
3/10/2017,Unidentified,EXISTING,42936.64,343,15754.6,4445.22
3/10/2017,Brand,NEW,137.58,2,60.2,4460.78
3/10/2017,Others,EXISTING,21857.92,232,7568.83,4767.95
3/10/2017,Organic Search,NEW,73273.73,514,24001.62,6090.23
3/10/2017,Others,NEW,32057.58,482,10213.2,7354.99
3/10/2017,Branded Search,NEW,41018.38,238,13777.82,7510.18
3/10/2017,Organic Search,EXISTING,96474.1,645,32800.12,10644.61
3/10/2017,Display,NEW,19570.28,134,6813.68,10814.15
3/10/2017,Direct,NEW,71064.92,419,25861.68,12061.85
3/10/2017,Referral,NEW,69668.75,367,21926.32,13818.71
3/10/2017,Branded Search,EXISTING,91622.36,611,32741.01,19505.13
3/10/2017,Mail,NEW,134177.19,623,44530.12,24257.17
3/10/2017,Display,EXISTING,62243.75,385,21683.48,28487.82
3/10/2017,Direct,EXISTING,167899.94,961,57873.24,29112.49
3/10/2017,Referral,EXISTING,192788.59,977,62866.63,42688.14
3/10/2017,Paid Search,NEW,132588.49,1013,45047.7,73009.98
3/10/2017,Paid Search,EXISTING,158418.91,1059,54379.2,89632.21
3/10/2017,Mail,EXISTING,723564.63,3838,248793.3,165250.96
3/11/2017,Organic Social,EXISTING,3542.95,20,1218.26,338.08
3/11/2017,Organic Social,NEW,3345.29,20,1050.2,347.49
3/11/2017,Unidentified,NEW,21473.76,121,7172.32,2131.82
3/11/2017,Brand,NEW,259.19,3,85.44,3360.1
3/11/2017,Unidentified,EXISTING,40666,396,16463.72,3502.58
3/11/2017,Brand,EXISTING,347.48,3,147.05,4513.99
3/11/2017,Others,EXISTING,24687.69,248,8575.16,5650.38
3/11/2017,Organic Search,NEW,88206.94,598,30318.65,7553.56
3/11/2017,Branded Search,NEW,45170.89,263,16089.51,8588.91
3/11/2017,Others,NEW,39101.18,536,12326.02,9549.87
3/11/2017,Display,NEW,24705.66,146,9322.05,10897.97
3/11/2017,Organic Search,EXISTING,106099.57,707,36798.19,11903.15
3/11/2017,Referral,NEW,89404.26,443,28747.15,13922.69
3/11/2017,Direct,NEW,90514.18,483,32130.78,15550.77
3/11/2017,Branded Search,EXISTING,96066.44,651,34872.03,19661.27
3/11/2017,Mail,NEW,97076.88,419,32900.44,20155.28
3/11/2017,Direct,EXISTING,167333.09,1015,59005.69,26485.27
3/11/2017,Display,EXISTING,48241.18,329,17502.1,30482.96
3/11/2017,Referral,EXISTING,209340.73,1093,68093.13,34026.85
3/11/2017,Mail,EXISTING,461004.1,2501,158756.42,96202.27
3/11/2017,Paid Search,NEW,177123.36,1344,58849.92,100502.64
3/11/2017,Paid Search,EXISTING,194429.24,1336,67576.04,109042.3
3/12/2017,Organic Social,NEW,3125.58,28,1088.22,229.98
3/12/2017,Organic Social,EXISTING,3501.27,21,1313.32,328.12
3/12/2017,Unidentified,NEW,28750.48,170,9133.25,1923.19
3/12/2017,Brand,NEW,348.28,3,92.67,3544.44
3/12/2017,Brand,EXISTING,424.94,4,129.88,4346.9
3/12/2017,Unidentified,EXISTING,53371.3,393,19748.04,5579.74
3/12/2017,Others,EXISTING,26103.77,274,8922.2,5945.12
3/12/2017,Organic Search,NEW,108660.93,708,36366.95,9042.66
3/12/2017,Others,NEW,41139.22,572,13502.82,10022.7
3/12/2017,Branded Search,NEW,64598.72,354,22635.98,10208.46
3/12/2017,Organic Search,EXISTING,136272.86,867,46638.43,14767.43
3/12/2017,Display,NEW,31057.67,172,10801.25,15378.84
3/12/2017,Referral,NEW,114491.56,569,37156.85,17028.73
3/12/2017,Direct,NEW,126930.08,649,44988.86,18469.17
3/12/2017,Branded Search,EXISTING,134719.32,775,47949.45,23227.34
3/12/2017,Mail,NEW,124212.58,576,41225.39,24435.88
3/12/2017,Direct,EXISTING,229136.1,1263,82435.97,33182.31
3/12/2017,Display,EXISTING,71234.56,442,25666.03,38237.57
3/12/2017,Referral,EXISTING,248062.1,1309,81721.52,38603.92
3/12/2017,Paid Search,NEW,212100.12,1550,71800.16,106704.18
3/12/2017,Paid Search,EXISTING,239490.06,1609,83545.19,114676.32
3/12/2017,Mail,EXISTING,664442.56,3435,227727.28,147416.3
3/13/2017,Organic Social,EXISTING,3112.76,18,1208.53,372.63
3/13/2017,Organic Social,NEW,3413.46,13,1179.27,381.16
3/13/2017,Brand,NEW,397.42,3,116.98,2279.73
3/13/2017,Unidentified,NEW,39521.61,191,13173.11,3019.79
3/13/2017,Unidentified,EXISTING,53082,404,19445.47,5220.96
3/13/2017,Others,EXISTING,23692.87,231,7652.04,5241.03
3/13/2017,Brand,EXISTING,920.29,2,299.11,5281.57
3/13/2017,Branded Search,NEW,53478.46,297,19159.16,8640.81
3/13/2017,Others,NEW,41041.19,517,13522.84,9429.91
3/13/2017,Organic Search,NEW,101833.16,679,34368.63,9608.88
3/13/2017,Organic Search,EXISTING,117547.01,722,40432.55,14401.79
3/13/2017,Referral,NEW,103860.59,524,34165.91,19328.47
3/13/2017,Direct,NEW,132922.6,579,46114.53,19606.6
3/13/2017,Branded Search,EXISTING,118632.2,658,42354.33,20904.11
3/13/2017,Display,NEW,33548.81,195,12947.14,22309.9
3/13/2017,Mail,NEW,153272.03,670,51582.98,30880.96
3/13/2017,Direct,EXISTING,217991.72,1177,77413.66,34839.3
3/13/2017,Display,EXISTING,86945.2,517,30879.05,47321.23
3/13/2017,Referral,EXISTING,240159.11,1186,76351.1,50464.47
3/13/2017,Paid Search,NEW,181495.62,1305,62434.72,90007.86
3/13/2017,Paid Search,EXISTING,217374,1395,76563.1,107550.62
3/13/2017,Mail,EXISTING,784161.95,3850,266882.84,179970.32
3/14/2017,Organic Social,EXISTING,2744.61,17,843.23,160.56
3/14/2017,Organic Social,NEW,1710.1,16,630.47,277.05
3/14/2017,Brand,EXISTING,146.33,2,46.34,2267.64
3/14/2017,Unidentified,NEW,30172.47,154,9835.32,2566.05
3/14/2017,Others,EXISTING,19432.22,204,6540.62,3970.83
3/14/2017,Brand,NEW,341.01,2,88.07,5274.69
3/14/2017,Unidentified,EXISTING,54219.49,384,20270.78,6076.41
3/14/2017,Organic Search,NEW,76711.49,560,26235.7,6586.51
3/14/2017,Others,NEW,30514.8,444,9377.22,6859.12
3/14/2017,Branded Search,NEW,48773.99,267,16822.22,8444.8
3/14/2017,Organic Search,EXISTING,105245.5,686,35532.77,11290.65
3/14/2017,Direct,NEW,91105.73,505,31689.3,14174.3
3/14/2017,Display,NEW,26000.85,160,9319.7,19397.69
3/14/2017,Referral,NEW,101940.36,451,32487.64,21072.85
3/14/2017,Branded Search,EXISTING,109742.97,650,40926.29,21145.41
3/14/2017,Mail,NEW,141712.73,661,46582.28,25334.51
3/14/2017,Direct,EXISTING,182592.28,1057,64893.75,28535.59
3/14/2017,Referral,EXISTING,210683.88,1079,68267.64,48966.19
3/14/2017,Display,EXISTING,71474.38,448,26564.13,57165.73
3/14/2017,Paid Search,NEW,153797.92,1151,51552.3,86768.4
3/14/2017,Paid Search,EXISTING,181120.57,1250,61761.06,101203.89
3/14/2017,Mail,EXISTING,502109.77,2851,171570.64,101297.39
3/15/2017,Organic Social,NEW,2439.06,22,817.41,191.33
3/15/2017,Organic Social,EXISTING,2882.33,16,1144.59,290.27
3/15/2017,Unidentified,NEW,30934.92,155,9777.72,3151.07
3/15/2017,Brand,EXISTING,216.77,2,70.63,3653.52
3/15/2017,Brand,NEW,230.99,1,91.16,3896.62
3/15/2017,Unidentified,EXISTING,39281.54,336,14626.56,4292.22
3/15/2017,Others,EXISTING,22178.86,214,7426.23,4656.33
3/15/2017,Organic Search,NEW,78434.48,545,26738.28,6771.76
3/15/2017,Branded Search,NEW,42499.72,266,14589.45,8375.09
3/15/2017,Others,NEW,36295.4,506,11259.26,8963.59
3/15/2017,Organic Search,EXISTING,92849.48,624,30617.17,10126.88
3/15/2017,Direct,NEW,88780.24,478,30149.43,14709.35
3/15/2017,Referral,NEW,81746.09,426,25798.49,16503.98
3/15/2017,Branded Search,EXISTING,91116.79,596,32024.27,19924.48
3/15/2017,Display,NEW,30623.01,176,10592.15,19951.89
3/15/2017,Mail,NEW,126927.11,594,43567.51,21799.57
3/15/2017,Direct,EXISTING,179402.05,985,63448.97,32169.4
3/15/2017,Referral,EXISTING,199998.17,1020,65362.17,47778.85
3/15/2017,Display,EXISTING,62632.84,424,22609.64,48018.97
3/15/2017,Paid Search,NEW,142660.83,1130,47339.93,77635.97
3/15/2017,Mail,EXISTING,410384.81,2346,139082.41,78087.62
3/15/2017,Paid Search,EXISTING,166714.92,1191,56694.64,90144.16
3/16/2017,Organic Social,EXISTING,3232.84,19,1246.95,230.95
3/16/2017,Organic Social,NEW,3585.75,17,1138.16,281.26
3/16/2017,Unidentified,NEW,29860.4,141,9956.33,2794.61
3/16/2017,Brand,NEW,291.47,3,94.1,3189.69
3/16/2017,Others,EXISTING,19269.33,210,5795.33,4158.27
3/16/2017,Brand,EXISTING,402.46,2,90.58,4371.48
3/16/2017,Unidentified,EXISTING,41428.72,321,15028.9,4644.96
3/16/2017,Organic Search,NEW,80159.86,546,26555.91,6962.09
3/16/2017,Others,NEW,34383.38,500,10403.24,8457.36
3/16/2017,Branded Search,NEW,43479.36,249,15088.39,8554.65
3/16/2017,Organic Search,EXISTING,92516.49,628,31425.22,10301.6
3/16/2017,Direct,NEW,85623.25,439,28506.15,14528.9
3/16/2017,Referral,NEW,74727.15,397,23730.88,16436.58
3/16/2017,Branded Search,EXISTING,89291.49,602,31411.6,18402.79
3/16/2017,Mail,NEW,106275.32,509,34190.13,19040.59
3/16/2017,Display,NEW,25541.09,158,9587.22,20319.72
3/16/2017,Direct,EXISTING,164103.55,942,57865.75,28973.12
3/16/2017,Display,EXISTING,61243.45,415,22203.86,43200.7
3/16/2017,Referral,EXISTING,183764.96,954,58822.26,44548.2
3/16/2017,Paid Search,NEW,131913.29,1063,43386.65,72731.4
3/16/2017,Paid Search,EXISTING,146621.87,1088,51109.23,81109.73
3/16/2017,Mail,EXISTING,450520.85,2468,152620.24,95281.28
3/17/2017,Organic Social,NEW,3785.6,19,1483.56,293.11
3/17/2017,Organic Social,EXISTING,3662.17,19,1178.19,353.71
3/17/2017,Unidentified,NEW,22902.4,124,6737.18,1591.19
3/17/2017,Brand,NEW,279.88,4,102.63,2439.25
3/17/2017,Others,EXISTING,18780.36,191,6298.26,3854.62
3/17/2017,Unidentified,EXISTING,44335.85,331,16221.34,4419.88
3/17/2017,Brand,EXISTING,596.06,5,206.71,5168.68
3/17/2017,Others,NEW,26287.83,394,8203.16,5910.89
3/17/2017,Organic Search,NEW,72098.48,532,24624.72,5998.55
3/17/2017,Organic Search,NEW,72098.48,532,24624.72,5998.55
3/17/2017,Branded Search,NEW,38357.29,207,13729.12,7984.66
3/17/2017,Organic Search,EXISTING,93392.51,610,32272.91,9903.41
3/17/2017,Direct,NEW,70122.99,414,25696.87,13234.67
3/17/2017,Referral,NEW,72539.28,366,22716.99,16045.05
3/17/2017,Branded Search,EXISTING,81144.41,534,29869.02,17559.84
3/17/2017,Mail,NEW,104252.01,525,34266.42,18928.4
3/17/2017,Display,NEW,25587.72,154,9365.87,19966.81
3/17/2017,Direct,EXISTING,153356.68,858,53395.94,28025.56
3/17/2017,Display,EXISTING,54802.83,374,20299.93,37775.59
3/17/2017,Referral,EXISTING,183986.65,908,59476.83,44086.91
3/17/2017,Paid Search,NEW,117798.33,949,39047.79,67055.45
3/17/2017,Paid Search,EXISTING,140730.55,1027,47918.38,77065.27
3/17/2017,Mail,EXISTING,559253.22,3050,190800.27,124287.57
3/18/2017,Organic Social,NEW,1924.37,20,661.08,132.92
3/18/2017,Organic Social,EXISTING,2711.79,19,1044.04,257.16
3/18/2017,Unidentified,NEW,20240.2,124,7040.56,1769.59
3/18/2017,Brand,NEW,325.96,4,116.62,3179.29
3/18/2017,Unidentified,EXISTING,43701.26,367,17075.42,4177.75
3/18/2017,Brand,EXISTING,456.69,5,149.94,4399.54
3/18/2017,Others,EXISTING,20639.78,188,6585.89,4412.27
3/18/2017,Others,NEW,29485.34,437,9326.57,6695.13
3/18/2017,Organic Search,NEW,86471.67,586,29959.77,7355.68
3/18/2017,Branded Search,NEW,54288.44,270,19175.65,11144.07
3/18/2017,Direct,NEW,71883.91,431,24612.58,11773.14
3/18/2017,Organic Search,EXISTING,108575.25,708,38250.26,11813.1
3/18/2017,Referral,NEW,76927.83,408,24612.44,16503.5
3/18/2017,Display,NEW,24691.65,134,8448.03,18282.05
3/18/2017,Branded Search,EXISTING,94685.85,598,34304,19665.94
3/18/2017,Mail,NEW,120749.6,580,40481.68,23403.85
3/18/2017,Direct,EXISTING,156858.51,946,57244.09,27939.94
3/18/2017,Display,EXISTING,49353.56,327,18544.82,34262.88
3/18/2017,Referral,EXISTING,192404.19,945,64970.83,46405.46
3/18/2017,Paid Search,NEW,149171.7,1147,49125.08,80570.28
3/18/2017,Paid Search,EXISTING,184300.2,1254,62105.12,98518.55
3/18/2017,Mail,EXISTING,501636.51,2829,173031.53,107160.74
3/19/2017,Organic Social,EXISTING,2672.97,14,903.71,296.42
3/19/2017,Organic Social,NEW,3389.76,27,1184.75,358.1
3/19/2017,Brand,NEW,351.89,4,121.48,1628.05
3/19/2017,Unidentified,NEW,26906.76,150,9270.15,2225.42
3/19/2017,Others,EXISTING,22747.95,227,7764.75,4922.71
3/19/2017,Unidentified,EXISTING,52125.32,399,19335.26,5197.02
3/19/2017,Brand,EXISTING,1287.38,2,429.4,6094.08
3/19/2017,Others,NEW,31642.96,509,10041.49,7177.69
3/19/2017,Branded Search,NEW,56336.01,305,20301.71,9668.36
3/19/2017,Organic Search,NEW,118056.95,753,40488.1,10307.69
3/19/2017,Organic Search,EXISTING,155333.41,928,53449.56,16793.51
3/19/2017,Direct,NEW,111532.13,576,37694.82,17441.81
3/19/2017,Display,NEW,28444.1,152,10376.78,18855.41
3/19/2017,Branded Search,EXISTING,120645.83,765,45383.29,21708.73
3/19/2017,Referral,NEW,111929.62,566,37967.06,24483.41
3/19/2017,Direct,EXISTING,197373.5,1208,71319.11,28373.32
3/19/2017,Display,EXISTING,67452.35,409,25455.1,35532.67
3/19/2017,Mail,NEW,186782.87,818,64959.11,37184.11
3/19/2017,Referral,EXISTING,254815.28,1287,86109.1,62611.44
3/19/2017,Paid Search,NEW,201272.3,1481,66821.19,101236.79
3/19/2017,Paid Search,EXISTING,232252.57,1576,79702.7,116122.97
3/19/2017,Mail,EXISTING,697412.69,3820,238878.48,147485.92
3/20/2017,Organic Social,EXISTING,1976.32,16,665.56,127.26
3/20/2017,Brand,EXISTING,18.13,1,6.96,132.08
3/20/2017,Organic Social,NEW,2062.54,18,716.29,234.26
3/20/2017,Unidentified,NEW,34983.14,158,11792.78,2543.43
3/20/2017,Others,EXISTING,20216.29,191,6872.98,4399.36
3/20/2017,Others,NEW,29918.16,458,9631.04,6861.16
3/20/2017,Unidentified,EXISTING,54722.61,365,20028.5,7449.82
3/20/2017,Brand,NEW,1008.6,4,305.71,7452.84
3/20/2017,Organic Search,NEW,95985.03,662,33131.55,8298.09
3/20/2017,Branded Search,NEW,67493.77,324,24859.24,11228.71
3/20/2017,Organic Search,EXISTING,121251.63,794,41474,13745.57
3/20/2017,Direct,NEW,111384.8,559,39219.15,17406.95
3/20/2017,Display,NEW,26595.71,158,10255.88,19654.51
3/20/2017,Referral,NEW,104241.9,519,32817.89,21359.71
3/20/2017,Branded Search,EXISTING,127300.31,672,46891.32,23210.39
3/20/2017,Direct,EXISTING,206471.63,1127,74633.7,32244.36
3/20/2017,Display,EXISTING,63657.51,421,23058.45,41621.61
3/20/2017,Mail,NEW,201724.81,886,69398.95,41649.24
3/20/2017,Referral,EXISTING,249264.67,1169,80877.14,58015.95
3/20/2017,Paid Search,NEW,164350.01,1229,54711.41,79558.05
3/20/2017,Paid Search,EXISTING,198397.83,1304,67291.85,96561.4
3/20/2017,Mail,EXISTING,770931.01,3942,266739.36,163480.74
3/21/2017,Organic Social,NEW,1664.37,13,574.46,222.52
3/21/2017,Organic Social,EXISTING,3172.15,12,1031.88,347.41
3/21/2017,Brand,NEW,115.32,2,28.43,1134.05
3/21/2017,Unidentified,NEW,26392.06,150,8546.47,2492.05
3/21/2017,Others,EXISTING,16862.93,194,5566.57,4068.78
3/21/2017,Unidentified,EXISTING,46836.82,319,17675.99,5404.66
3/21/2017,Brand,EXISTING,652.77,3,194.52,6558.94
3/21/2017,Organic Search,NEW,74664.56,536,25481.21,6587.71
3/21/2017,Branded Search,NEW,35083.53,208,12652.38,7691.54
3/21/2017,Others,NEW,32781.57,455,10653.84,7868.42
3/21/2017,Organic Search,EXISTING,94646.79,649,32819.85,12504.8
3/21/2017,Direct,NEW,75421.77,405,26283.51,15323.41
3/21/2017,Referral,NEW,72881.64,353,23315.81,17425.92
3/21/2017,Display,NEW,21726.54,136,7975.62,18614.97
3/21/2017,Branded Search,EXISTING,87599.82,559,31838.41,21768.72
3/21/2017,Mail,NEW,110906.15,530,38958.37,22093.32
3/21/2017,Direct,EXISTING,149956.72,876,53201.91,29887.13
3/21/2017,Referral,EXISTING,168835.25,921,56388.42,45046.64
3/21/2017,Display,EXISTING,54768.99,367,19357.33,45543.16
3/21/2017,Paid Search,NEW,116932.52,968,37678.34,71853.48
3/21/2017,Paid Search,EXISTING,150781.38,1058,51448.94,91312.43
3/21/2017,Mail,EXISTING,446471.07,2387,152545.76,99659.54
3/22/2017,Organic Social,NEW,1799.54,18,691.53,199.32
3/22/2017,Organic Social,EXISTING,1850.12,13,752.44,264.62
3/22/2017,Brand,NEW,219.67,2,88.93,1093.76
3/22/2017,Unidentified,NEW,23650.76,125,7824.43,2434.97
3/22/2017,Others,EXISTING,18768.61,222,6176.23,4325.32
3/22/2017,Unidentified,EXISTING,44976.34,356,16058.27,5403.45
3/22/2017,Brand,EXISTING,1301.77,3,422.69,6474.28
3/22/2017,Organic Search,NEW,75437.53,545,25528.16,7496.19
3/22/2017,Branded Search,NEW,40682.96,236,14042.43,8552.4
3/22/2017,Others,NEW,36133.89,496,11356.15,8857.62
3/22/2017,Organic Search,EXISTING,105319.56,666,35383.14,13568.42
3/22/2017,Direct,NEW,81383,410,27243.04,15542.88
3/22/2017,Referral,NEW,83941.68,416,26553.74,18477.19
3/22/2017,Branded Search,EXISTING,95485.2,572,35366.11,20779.05
3/22/2017,Mail,NEW,118515.15,583,40147.45,21386.45
3/22/2017,Display,NEW,23994.56,156,8606.18,23211.59
3/22/2017,Direct,EXISTING,155720.08,925,56334.61,27279.04
3/22/2017,Display,EXISTING,51021.01,358,18431.75,40504.97
3/22/2017,Referral,EXISTING,192891.77,1036,61591.07,48309.45
3/22/2017,Paid Search,NEW,134086.16,1028,43980.89,74757.4
3/22/2017,Paid Search,EXISTING,163399.41,1137,54779.25,90943.15
3/22/2017,Mail,EXISTING,497538.02,2809,171715.94,111593.65
3/23/2017,Organic Social,NEW,,,,
3/23/2017,Organic Social,EXISTING,5504.36,18,1750.06,377.44
3/23/2017,Unidentified,NEW,32841.77,146,10134.66,2276.7
3/23/2017,Brand,NEW,298.28,3,113.84,2661.07
3/23/2017,Unidentified,EXISTING,44649.72,332,16403.79,4369.52
3/23/2017,Others,EXISTING,21112.37,217,6742.15,4702.29
3/23/2017,Brand,EXISTING,550.23,4,130.87,4873.88
3/23/2017,Organic Search,NEW,66610.44,490,22403.95,5288.54
3/23/2017,Branded Search,NEW,40931.34,246,14138.62,7689.49
3/23/2017,Others,NEW,35176.92,493,11340.68,8058.89
3/23/2017,Organic Search,EXISTING,91303.52,624,31155.07,9821.88
3/23/2017,Direct,NEW,78774.01,417,26778.84,13687.16
3/23/2017,Referral,NEW,67321.38,357,21211.06,14346.34
3/23/2017,Branded Search,EXISTING,96260.22,583,34924.21,20088.38
3/23/2017,Display,NEW,22175.78,140,10247.32,20215.67
3/23/2017,Direct,EXISTING,145710.74,903,49298.35,24627.81
3/23/2017,Mail,NEW,137993.8,624,46572.91,24913.81
3/23/2017,Referral,EXISTING,176273.87,923,58681.28,39898.43
3/23/2017,Display,EXISTING,53362.09,372,19638.72,44151.12
3/23/2017,Paid Search,NEW,114267.48,924,38391.17,68784.12
3/23/2017,Paid Search,EXISTING,145503.4,1061,49170.46,84195.25
3/23/2017,Mail,EXISTING,624272.83,3460,214656.93,139198.43
3/24/2017,Organic Social,NEW,,,,
3/24/2017,Organic Social,EXISTING,2365.28,13,855.79,196.52
3/24/2017,Brand,NEW,205.72,3,57.48,1812.25
3/24/2017,Unidentified,NEW,25390.08,138,8453.69,2932.04
3/24/2017,Others,EXISTING,20434.29,231,7069.25,4612.82
3/24/2017,Organic Search,NEW,59928.42,464,20212.44,5093.01
3/24/2017,Unidentified,EXISTING,41561.08,348,16451.4,5296.47
3/24/2017,Brand,EXISTING,655.32,5,232.54,5752.67
3/24/2017,Branded Search,NEW,40460.59,230,13837.59,7248.01
3/24/2017,Others,NEW,33139.97,495,10861.65,7905.73
3/24/2017,Organic Search,EXISTING,87593.42,593,30212.15,9182.65
3/24/2017,Direct,NEW,69425.24,391,24000.8,12036.27
3/24/2017,Referral,NEW,62466.41,336,19409.46,12338.2
3/24/2017,Branded Search,EXISTING,84642.72,559,30469.43,18599.37
3/24/2017,Display,NEW,22802.87,136,8591.45,19635.37
3/24/2017,Mail,NEW,115761.07,492,38076.42,23967.13
3/24/2017,Direct,EXISTING,155069.41,884,54205.64,27829.75
3/24/2017,Referral,EXISTING,171204.77,874,55470.04,38028.37
3/24/2017,Display,EXISTING,54996.24,365,20484.67,44389.81
3/24/2017,Paid Search,NEW,108469.34,925,34881.06,63242.47
3/24/2017,Paid Search,EXISTING,137859.11,1022,47467.58,81027.66
3/24/2017,Mail,EXISTING,452246.1,2535,156102.52,93725.18
3/25/2017,Organic Social,NEW,2257.57,21,812.55,177.4
3/25/2017,Organic Social,EXISTING,3796.99,22,1347.33,339.58
3/25/2017,Unidentified,NEW,23624.61,122,7205.67,2058.28
3/25/2017,Unidentified,EXISTING,40033.99,341,15086.05,3568.95
3/25/2017,Brand,NEW,319.57,3,90.41,3750.16
3/25/2017,Brand,EXISTING,325.81,3,105.65,3831.79
3/25/2017,Others,EXISTING,20630.57,216,7237.42,4567.22
3/25/2017,Organic Search,NEW,75384.59,549,25626.43,6063.71
3/25/2017,Branded Search,NEW,38758.89,238,13750.84,7371.1
3/25/2017,Others,NEW,33752.83,478,11226.59,7595.77
3/25/2017,Organic Search,EXISTING,95436.33,638,33172.86,9988.16
3/25/2017,Direct,NEW,82688.13,434,31351.17,13917.35
3/25/2017,Referral,NEW,82141.02,387,26878.62,16211.3
3/25/2017,Mail,NEW,96456.84,477,32545.3,18361.67
3/25/2017,Display,NEW,22721.25,139,7727.81,18373.67
3/25/2017,Branded Search,EXISTING,104550.86,643,37533.32,21278.03
3/25/2017,Direct,EXISTING,162332.3,954,60792.11,26423.11
3/25/2017,Referral,EXISTING,196428.93,964,65124.82,42317.85
3/25/2017,Display,EXISTING,59549.46,363,21704.06,42476.61
3/25/2017,Paid Search,NEW,135275.38,1067,44972.74,77566.11
3/25/2017,Mail,EXISTING,454508.83,2600,156046.72,95360.59
3/25/2017,Paid Search,EXISTING,169418.88,1216,59115.61,96606.74
3/26/2017,Organic Social,EXISTING,3488.41,22,1155.75,110.65
3/26/2017,Organic Social,NEW,2619.25,19,675.47,246.7
3/26/2017,Brand,NEW,113.89,2,22.87,1318.68
3/26/2017,Unidentified,NEW,29939.45,149,8955.57,2293.49
3/26/2017,Unidentified,EXISTING,44828.1,408,16831.31,3567.85
3/26/2017,Others,EXISTING,24737.47,265,8176.72,5357.73
3/26/2017,Brand,EXISTING,536.96,4,177.69,6233.74
3/26/2017,Organic Search,NEW,106005.75,724,35687.85,8901.94
3/26/2017,Others,NEW,41017.26,546,13423.25,9424.93
3/26/2017,Branded Search,NEW,63486.69,340,23389.07,10046.98
3/26/2017,Organic Search,EXISTING,136381.79,881,48021.78,13960.66
3/26/2017,Direct,NEW,109405.68,586,38653.33,16267.08
3/26/2017,Referral,NEW,112636.03,552,35697.26,20052.1
3/26/2017,Display,NEW,30803.61,162,11455.84,22045.23
3/26/2017,Branded Search,EXISTING,128844.12,769,47743.25,22466.5
3/26/2017,Mail,NEW,159079.72,741,53456.6,28988.55
3/26/2017,Direct,EXISTING,208002.11,1223,74282.07,31499.97
3/26/2017,Display,EXISTING,60300.89,433,21833.52,39482.47
3/26/2017,Referral,EXISTING,255623.69,1266,83710.18,51639.36
3/26/2017,Paid Search,NEW,191990.75,1438,64370.24,102285.79
3/26/2017,Paid Search,EXISTING,224986,1562,77976.41,118604.58
3/26/2017,Mail,EXISTING,809219.48,4218,275840.35,177574.38
3/27/2017,Organic Social,NEW,2737.92,22,808.78,126.83
3/27/2017,Organic Social,EXISTING,4054.79,23,1294.87,354.06
3/27/2017,Unidentified,NEW,37913.54,195,12190.46,3131.55
3/27/2017,Brand,EXISTING,408.59,4,127.1,3731.7
3/27/2017,Brand,NEW,421.23,3,185.81,3837
3/27/2017,Others,EXISTING,23183.7,251,7894.64,4800.95
3/27/2017,Unidentified,EXISTING,63539.27,446,23227.37,6944.08
3/27/2017,Branded Search,NEW,51831.99,302,18671.93,7282.91
3/27/2017,Organic Search,NEW,100824.4,667,33377,8487.42
3/27/2017,Others,NEW,39306.77,537,12786.66,8704.87
3/27/2017,Direct,NEW,109159.72,594,39222.53,13935.09
3/27/2017,Organic Search,EXISTING,136089.32,836,46984.87,14352.15
3/27/2017,Branded Search,EXISTING,117272.13,695,44045.49,17761.33
3/27/2017,Referral,NEW,108945.42,550,35810.45,21307.49
3/27/2017,Display,NEW,33444.71,192,11984.92,26372.97
3/27/2017,Direct,EXISTING,231279.59,1257,83187.9,30719.35
3/27/2017,Mail,NEW,215388.57,910,73439.35,46481.6
3/27/2017,Referral,EXISTING,255370.69,1242,84960.93,53429.7
3/27/2017,Display,EXISTING,68280.38,461,25382.18,55790.26
3/27/2017,Paid Search,NEW,177192.42,1328,59155.43,87686.05
3/27/2017,Paid Search,EXISTING,209820.57,1401,72965.92,107146.14
3/27/2017,Mail,EXISTING,1103454.07,5401,379635.03,260942.97
3/28/2017,Organic Social,NEW,,,,
3/28/2017,Organic Social,EXISTING,1941.04,17,677.54,327.4
3/28/2017,Unidentified,NEW,29987.04,135,9978.36,2286.35
3/28/2017,Brand,EXISTING,164.36,2,58.14,2820.61
3/28/2017,Others,EXISTING,18701.43,184,5857.42,4167.18
3/28/2017,Unidentified,EXISTING,43230.28,389,16758.67,4668.6
3/28/2017,Brand,NEW,283.31,3,92.49,4742.6
3/28/2017,Organic Search,NEW,66108.22,492,20953.06,4787.7
3/28/2017,Others,NEW,30300.35,451,9788.57,6420.21
3/28/2017,Branded Search,NEW,45928.15,220,14724.45,6947.13
3/28/2017,Direct,NEW,71577.4,390,26981.09,8849.36
3/28/2017,Organic Search,EXISTING,96758.04,636,33290.54,11805.52
3/28/2017,Branded Search,EXISTING,84424.25,537,32206.02,14006.6
3/28/2017,Referral,NEW,72646.28,362,22889.33,15940.44
3/28/2017,Display,NEW,19069.64,109,7011.74,18214.45
3/28/2017,Mail,NEW,110736.37,502,37206.25,22430.48
3/28/2017,Direct,EXISTING,149788.06,883,57198.18,22482.42
3/28/2017,Display,EXISTING,43411.38,295,14823,31208.1
3/28/2017,Referral,EXISTING,153383.29,870,50322.7,38318.75
3/28/2017,Paid Search,NEW,117249.95,938,39434.45,68958.3
3/28/2017,Paid Search,EXISTING,136292.66,1027,48698.53,81359.89
3/28/2017,Mail,EXISTING,557691.49,3010,194075.43,143808.68
3/29/2017,Organic Social,NEW,1952.82,17,799.52,187.71
3/29/2017,Organic Social,EXISTING,3096.29,18,1032.78,241.33
3/29/2017,Unidentified,NEW,22297.82,122,7714.98,1501.7
3/29/2017,Brand,NEW,134.35,1,52.32,2424.9
3/29/2017,Others,EXISTING,21472.1,214,7192.83,4470.53
3/29/2017,Unidentified,EXISTING,42505.85,382,17601.2,5067.85
3/29/2017,Brand,EXISTING,282.65,4,88.9,5125.06
3/29/2017,Organic Search,NEW,62699.64,478,20188.96,5332.19
3/29/2017,Others,NEW,28114.77,400,8442.08,6204.73
3/29/2017,Branded Search,NEW,41018.91,221,14020.1,6711.71
3/29/2017,Direct,NEW,62753.18,340,25340.98,8009.55
3/29/2017,Display,NEW,14837.12,103,4760.05,8199.49
3/29/2017,Organic Search,EXISTING,84552.12,583,27433.23,9364.94
3/29/2017,Branded Search,EXISTING,71515.44,521,25022.24,12578.64
3/29/2017,Referral,NEW,54629.65,299,17952.17,12806.39
3/29/2017,Direct,EXISTING,149052.04,859,53764.31,22553.35
3/29/2017,Mail,NEW,105786.59,507,35491.89,22993.28
3/29/2017,Display,EXISTING,46357.9,285,16986.16,33231.91
3/29/2017,Referral,EXISTING,156821.54,847,50482.35,38190.87
3/29/2017,Paid Search,NEW,104592.87,880,35085.34,63873.2
3/29/2017,Paid Search,EXISTING,136036.08,1006,46797.24,82646.55
3/29/2017,Mail,EXISTING,410120,2290,140254.6,90363.42
3/30/2017,Organic Social,EXISTING,1477.4,11,605.93,122.46
3/30/2017,Organic Social,NEW,4252.33,19,1330.48,300.74
3/30/2017,Unidentified,NEW,23284.68,123,7248.04,1735.19
3/30/2017,Brand,NEW,444.55,3,149.42,3266.63
3/30/2017,Unidentified,EXISTING,40160.31,360,16396.44,3783.62
3/30/2017,Others,EXISTING,19533.32,199,6375.15,4019.15
3/30/2017,Brand,EXISTING,590.71,4,188.67,4293
3/30/2017,Organic Search,NEW,60886.42,462,19873.81,4729.74
3/30/2017,Branded Search,NEW,34329.39,188,12302.33,5249.94
3/30/2017,Others,NEW,29907.79,445,9426.93,6567.08
3/30/2017,Direct,NEW,57704.2,341,20403.62,7688.44
3/30/2017,Organic Search,EXISTING,90113.85,595,30182.09,10335.4
3/30/2017,Referral,NEW,52825.87,327,16768.43,11701.14
3/30/2017,Display,NEW,17161,111,5980,12556.26
3/30/2017,Branded Search,EXISTING,84284.29,517,30030.01,14618.89
3/30/2017,Direct,EXISTING,149150.08,846,52602.14,19893.72
3/30/2017,Mail,NEW,101471.27,521,35207.8,22372.76
3/30/2017,Display,EXISTING,42499.78,316,15696.27,33453.22
3/30/2017,Referral,EXISTING,162773.22,855,54404.31,40050.44
3/30/2017,Paid Search,NEW,108781.71,900,36077.87,63437.63
3/30/2017,Paid Search,EXISTING,128498.21,986,44652.32,76333.96
3/30/2017,Mail,EXISTING,400728.82,2265,136252.11,83877.7
3/31/2017,Organic Social,NEW,2395.5,14,827.01,170.99
3/31/2017,Organic Social,EXISTING,2734.25,16,859.37,262.05
3/31/2017,Brand,EXISTING,83.15,1,29.17,1264.08
3/31/2017,Unidentified,NEW,25412.2,140,7468.33,2432.35
3/31/2017,Unidentified,EXISTING,37720.46,350,14700.88,3614.4
3/31/2017,Others,EXISTING,24847.29,217,7659.99,5136.36
3/31/2017,Organic Search,NEW,52695.18,413,17164.97,5373.43
3/31/2017,Branded Search,NEW,36435.11,211,13230.32,6216.77
3/31/2017,Brand,NEW,441.08,3,178.25,6269.33
3/31/2017,Others,NEW,31705.85,500,9485.71,7023.93
3/31/2017,Direct,NEW,67919.54,363,23191.46,8746.45
3/31/2017,Organic Search,EXISTING,84081.82,590,28196.98,9367.53
3/31/2017,Display,NEW,15975.61,107,5358.42,12015.58
3/31/2017,Referral,NEW,65367.9,334,21374.03,14206.68
3/31/2017,Branded Search,EXISTING,83663.64,543,29434.36,14225.99
3/31/2017,Mail,NEW,104539.75,529,34838.87,21456.76
3/31/2017,Direct,EXISTING,153632.24,885,54756.21,22029
3/31/2017,Display,EXISTING,52907.4,330,19367.2,35931
3/31/2017,Referral,EXISTING,158165.95,877,51818.02,38822.4
3/31/2017,Paid Search,NEW,109298.91,866,34579.75,61285.18
3/31/2017,Paid Search,EXISTING,126496.5,983,43542.72,70740.59
3/31/2017,Mail,EXISTING,457250.06,2619,154133.88,106635.72
